time,price,volume,side,datetime
1763658313.321013,2830.77,1.73296806,sell,2025-11-20 17:05:13.321012974
1763658313.321013,2830.74,0.7256,sell,2025-11-20 17:05:13.321012974
1763658313.321013,2830.45,0.3198629,sell,2025-11-20 17:05:13.321012974
1763658313.323675,2830.45,0.002,sell,2025-11-20 17:05:13.323674917
1763658313.7706845,2836.28,0.00972876,buy,2025-11-20 17:05:13.770684481
1763658313.9304602,2836.28,0.01027151,buy,2025-11-20 17:05:13.930460215
1763658314.0387406,2836.28,0.01042092,buy,2025-11-20 17:05:14.038740635
1763658314.9668877,2836.28,0.00034647,buy,2025-11-20 17:05:14.966887712
1763658315.0014877,2836.27,0.00134231,sell,2025-11-20 17:05:15.001487732
1763658315.779117,2835.99,0.01735095,buy,2025-11-20 17:05:15.779117107
1763658316.293468,2835.98,0.00133883,sell,2025-11-20 17:05:16.293467999
1763658318.1225803,2835.53,0.00126504,sell,2025-11-20 17:05:18.122580290
1763658318.1225803,2834.08,0.01865726,sell,2025-11-20 17:05:18.122580290
1763658318.122804,2834.08,0.01013998,sell,2025-11-20 17:05:18.122803926
1763658318.122804,2833.97,0.00470282,sell,2025-11-20 17:05:18.122803926
1763658318.122804,2832.99,3.1972258,sell,2025-11-20 17:05:18.122803926
1763658318.8830001,2835.26,0.2084934,buy,2025-11-20 17:05:18.883000135
1763658319.941568,2835.26,0.03521126,buy,2025-11-20 17:05:19.941567898
1763658321.4166968,2835.25,0.00125945,sell,2025-11-20 17:05:21.416696787
1763658322.6319563,2834.79,0.0012547,sell,2025-11-20 17:05:22.631956339
1763658322.6319563,2833.33,0.00019578,sell,2025-11-20 17:05:22.631956339
1763658325.3436146,2837.01,0.00124887,sell,2025-11-20 17:05:25.343614578
1763658326.1382868,2837.01,0.00125448,sell,2025-11-20 17:05:26.138286829
1763658326.1382868,2834.77,0.04885329,sell,2025-11-20 17:05:26.138286829
1763658326.1382868,2834.36,0.321,sell,2025-11-20 17:05:26.138286829
1763658326.138287,2834.35,0.59698805,sell,2025-11-20 17:05:26.138287067
1763658328.5155082,2838.29,0.00125214,sell,2025-11-20 17:05:28.515508175
1763658328.5155082,2837.21,0.01472955,sell,2025-11-20 17:05:28.515508175
1763658330.5701802,2838.26,0.00125343,sell,2025-11-20 17:05:30.570180178
1763658330.595538,2836.67,0.09425581,sell,2025-11-20 17:05:30.595537901
1763658331.066679,2833.99,0.07952807,buy,2025-11-20 17:05:31.066679001
1763658331.0937629,2833.99,0.07953662,buy,2025-11-20 17:05:31.093762875
1763658332.7558904,2835.92,0.13677859,buy,2025-11-20 17:05:32.755890369
1763658332.9928608,2835.91,0.00124933,sell,2025-11-20 17:05:32.992860794
1763658333.6931872,2835.39,0.00124774,sell,2025-11-20 17:05:33.693187237
1763658334.605491,2835.04,0.01311699,buy,2025-11-20 17:05:34.605490923
1763658335.955813,2835.03,0.00124996,sell,2025-11-20 17:05:35.955812931
1763658342.6004202,2835.04,0.2862116,buy,2025-11-20 17:05:42.600420237
1763658343.8888493,2835.04,0.00607486,buy,2025-11-20 17:05:43.888849258
1763658344.1711705,2835.03,0.00124563,sell,2025-11-20 17:05:44.171170473
1763658344.85028,2835.03,0.00123757,sell,2025-11-20 17:05:44.850280046
1763658345.674593,2835.01,0.00123691,sell,2025-11-20 17:05:45.674592972
1763658347.625761,2834.54,0.00123692,sell,2025-11-20 17:05:47.625761032
1763658348.2116446,2833.02,0.00705819,buy,2025-11-20 17:05:48.211644650
1763658348.3159475,2833.01,0.02880814,sell,2025-11-20 17:05:48.315947533
1763658348.3159475,2833.01,0.00123462,sell,2025-11-20 17:05:48.315947533
1763658348.3159475,2833.0,0.09995724,sell,2025-11-20 17:05:48.315947533
1763658348.6344843,2833.0,0.00593757,sell,2025-11-20 17:05:48.634484291
1763658348.6344843,2832.1,0.00470466,sell,2025-11-20 17:05:48.634484291
1763658348.6344843,2830.77,0.05971762,sell,2025-11-20 17:05:48.634484291
1763658349.9201722,2833.0,0.00123136,sell,2025-11-20 17:05:49.920172215
1763658349.9201722,2833.0,0.02876864,sell,2025-11-20 17:05:49.920172215
1763658349.9515085,2832.16,0.99514943,buy,2025-11-20 17:05:49.951508522
1763658349.9517016,2832.16,0.0038773,buy,2025-11-20 17:05:49.951701641
1763658349.961359,2832.16,0.76641492,buy,2025-11-20 17:05:49.961359024
1763658349.9714432,2832.3,0.00321661,buy,2025-11-20 17:05:49.971443176
1763658350.1264105,2832.17,1.63809647,buy,2025-11-20 17:05:50.126410483
1763658350.1266444,2832.16,0.17922344,sell,2025-11-20 17:05:50.126644373
1763658350.1267436,2832.16,0.59093113,sell,2025-11-20 17:05:50.126743555
1763658350.1267436,2832.16,0.22887216,sell,2025-11-20 17:05:50.126743555
1763658350.1267436,2832.16,0.0012265,sell,2025-11-20 17:05:50.126743555
1763658350.1267436,2831.15,0.02882704,sell,2025-11-20 17:05:50.126743555
1763658350.1267436,2831.14,1.05964381,sell,2025-11-20 17:05:50.126743555
1763658350.1267436,2830.78,0.70651905,sell,2025-11-20 17:05:50.126743555
1763658350.1267436,2830.72,1.76633506,sell,2025-11-20 17:05:50.126743555
1763658350.1267436,2830.7,0.03338445,sell,2025-11-20 17:05:50.126743555
1763658350.1267436,2830.58,0.00470642,sell,2025-11-20 17:05:50.126743555
1763658350.1267436,2830.47,0.7256,sell,2025-11-20 17:05:50.126743555
1763658350.1267436,2830.38,0.88015872,sell,2025-11-20 17:05:50.126743555
1763658350.1267438,2830.19,0.475,sell,2025-11-20 17:05:50.126743793
1763658350.1267438,2830.18,0.7256,sell,2025-11-20 17:05:50.126743793
1763658350.1267438,2830.16,0.59,sell,2025-11-20 17:05:50.126743793
1763658350.1267438,2830.09,0.18319566,sell,2025-11-20 17:05:50.126743793
1763658350.7938516,2833.94,0.00136418,buy,2025-11-20 17:05:50.793851614
1763658352.5366647,2833.93,0.00093953,sell,2025-11-20 17:05:52.536664724
1763658353.1143234,2833.94,0.18701381,buy,2025-11-20 17:05:53.114323378
1763658353.5704794,2833.93,0.00123789,sell,2025-11-20 17:05:53.570479393
1763658354.4451206,2832.99,0.03529839,buy,2025-11-20 17:05:54.445120573
1763658355.4928963,2833.62,0.0012354,sell,2025-11-20 17:05:55.492896318
1763658355.4928963,2832.64,0.02881191,sell,2025-11-20 17:05:55.492896318
1763658355.4928963,2832.51,0.04395812,sell,2025-11-20 17:05:55.492896318
1763658355.4928963,2832.08,0.0563799,sell,2025-11-20 17:05:55.492896318
1763658355.4928966,2831.88,4.58900192,sell,2025-11-20 17:05:55.492896557
1763658355.4928966,2831.88,3.50649578,sell,2025-11-20 17:05:55.492896557
1763658355.4928966,2831.88,3.50650807,sell,2025-11-20 17:05:55.492896557
1763658355.4928966,2831.88,3.50754121,sell,2025-11-20 17:05:55.492896557
1763658355.4928966,2831.88,3.50570904,sell,2025-11-20 17:05:55.492896557
1763658355.4928966,2831.88,3.50240615,sell,2025-11-20 17:05:55.492896557
1763658355.4928966,2831.88,3.50240615,sell,2025-11-20 17:05:55.492896557
1763658355.4928966,2831.88,3.50841493,sell,2025-11-20 17:05:55.492896557
1763658355.4928966,2831.88,3.50992959,sell,2025-11-20 17:05:55.492896557
1763658355.4928966,2831.88,35.0979408,sell,2025-11-20 17:05:55.492896557
1763658355.4928966,2831.88,3.50958467,sell,2025-11-20 17:05:55.492896557
1763658355.4928966,2831.88,3.50958467,sell,2025-11-20 17:05:55.492896557
1763658355.4928966,2831.88,3.50476297,sell,2025-11-20 17:05:55.492896557
1763658355.4928966,2831.88,3.5056353,sell,2025-11-20 17:05:55.492896557
1763658355.4928966,2831.88,3.50338777,sell,2025-11-20 17:05:55.492896557
1763658355.4928966,2831.88,3.01095949,sell,2025-11-20 17:05:55.492896557
1763658355.4928966,2831.88,0.49244055,sell,2025-11-20 17:05:55.492896557
1763658355.4928966,2831.88,3.5042717,sell,2025-11-20 17:05:55.492896557
1763658355.4928966,2831.88,3.50699997,sell,2025-11-20 17:05:55.492896557
1763658355.4928966,2831.88,3.50701227,sell,2025-11-20 17:05:55.492896557
1763658355.4928968,2831.88,3.50699997,sell,2025-11-20 17:05:55.492896795
1763658355.4928968,2831.88,0.35070122,sell,2025-11-20 17:05:55.492896795
1763658355.4928968,2831.88,0.35095846,sell,2025-11-20 17:05:55.492896795
1763658355.4928968,2831.88,0.35095846,sell,2025-11-20 17:05:55.492896795
1763658355.4928968,2831.88,0.35085626,sell,2025-11-20 17:05:55.492896795
1763658355.4928968,2831.88,0.35084641,sell,2025-11-20 17:05:55.492896795
1763658355.4928968,2831.88,0.35084641,sell,2025-11-20 17:05:55.492896795
1763658355.4928968,2831.88,0.35084641,sell,2025-11-20 17:05:55.492896795
1763658355.4928968,2831.88,0.35064466,sell,2025-11-20 17:05:55.492896795
1763658355.4928968,2831.88,0.35064466,sell,2025-11-20 17:05:55.492896795
1763658355.4928968,2831.88,0.35076765,sell,2025-11-20 17:05:55.492896795
1763658355.4928968,2831.88,0.35076765,sell,2025-11-20 17:05:55.492896795
1763658355.4928968,2831.88,34.99195185,sell,2025-11-20 17:05:55.492896795
1763658355.4928968,2831.88,34.91197605,sell,2025-11-20 17:05:55.492896795
1763658355.4928968,2831.88,0.06602278,sell,2025-11-20 17:05:55.492896795
1763658355.4928968,2831.88,34.92290768,sell,2025-11-20 17:05:55.492896795
1763658355.4928968,2831.88,0.34962223,sell,2025-11-20 17:05:55.492896795
1763658355.4928968,2831.88,0.34962223,sell,2025-11-20 17:05:55.492896795
1763658355.4928968,2831.88,0.34941577,sell,2025-11-20 17:05:55.492896795
1763658355.4928968,2831.88,0.34941577,sell,2025-11-20 17:05:55.492896795
1763658355.492897,2831.88,0.3495037,sell,2025-11-20 17:05:55.492897034
1763658355.492897,2831.88,0.3495037,sell,2025-11-20 17:05:55.492897034
1763658355.492897,2831.88,0.34978977,sell,2025-11-20 17:05:55.492897034
1763658355.492897,2831.88,0.34978977,sell,2025-11-20 17:05:55.492897034
1763658355.492897,2831.88,0.34978977,sell,2025-11-20 17:05:55.492897034
1763658355.492897,2831.88,0.3499832,sell,2025-11-20 17:05:55.492897034
1763658355.492897,2831.88,0.35031177,sell,2025-11-20 17:05:55.492897034
1763658355.492897,2831.88,0.35031177,sell,2025-11-20 17:05:55.492897034
1763658355.492897,2831.88,0.3499881,sell,2025-11-20 17:05:55.492897034
1763658355.492897,2831.88,0.35038665,sell,2025-11-20 17:05:55.492897034
1763658355.492897,2831.88,0.35038665,sell,2025-11-20 17:05:55.492897034
1763658355.492897,2831.88,0.35038665,sell,2025-11-20 17:05:55.492897034
1763658355.492897,2831.88,0.35038665,sell,2025-11-20 17:05:55.492897034
1763658355.492897,2831.88,0.34983505,sell,2025-11-20 17:05:55.492897034
1763658355.492897,2831.88,0.34977876,sell,2025-11-20 17:05:55.492897034
1763658355.492897,2831.88,0.35102129,sell,2025-11-20 17:05:55.492897034
1763658355.492897,2831.88,0.35067417,sell,2025-11-20 17:05:55.492897034
1763658355.492897,2831.88,0.35067417,sell,2025-11-20 17:05:55.492897034
1763658355.492897,2831.88,0.35067417,sell,2025-11-20 17:05:55.492897034
1763658355.492897,2831.88,0.35057213,sell,2025-11-20 17:05:55.492897034
1763658355.4928973,2831.88,3.50794725,sell,2025-11-20 17:05:55.492897272
1763658355.4928973,2831.88,3.50885811,sell,2025-11-20 17:05:55.492897272
1763658355.4928973,2831.88,3.50885811,sell,2025-11-20 17:05:55.492897272
1763658355.4928973,2831.88,3.51318498,sell,2025-11-20 17:05:55.492897272
1763658355.4928973,2831.88,3.51318498,sell,2025-11-20 17:05:55.492897272
1763658355.4928973,2831.88,3.51264199,sell,2025-11-20 17:05:55.492897272
1763658355.4928973,2831.88,3.51412326,sell,2025-11-20 17:05:55.492897272
1763658355.4928973,2831.88,3.51464199,sell,2025-11-20 17:05:55.492897272
1763658355.4928973,2831.88,3.51678031,sell,2025-11-20 17:05:55.492897272
1763658355.4928973,2831.88,3.51678031,sell,2025-11-20 17:05:55.492897272
1763658355.4928973,2831.88,3.51675558,sell,2025-11-20 17:05:55.492897272
1763658355.4928973,2831.88,0.35171513,sell,2025-11-20 17:05:55.492897272
1763658355.4928973,2831.88,0.35171513,sell,2025-11-20 17:05:55.492897272
1763658355.4928973,2831.88,0.35171513,sell,2025-11-20 17:05:55.492897272
1763658355.4928973,2831.88,0.35171513,sell,2025-11-20 17:05:55.492897272
1763658355.4928973,2831.88,0.35161991,sell,2025-11-20 17:05:55.492897272
1763658355.4928973,2831.88,0.35161991,sell,2025-11-20 17:05:55.492897272
1763658355.4928973,2831.88,0.35161991,sell,2025-11-20 17:05:55.492897272
1763658355.4928973,2831.88,0.35161991,sell,2025-11-20 17:05:55.492897272
1763658355.4928973,2831.88,0.35161991,sell,2025-11-20 17:05:55.492897272
1763658355.4928975,2831.88,0.35161991,sell,2025-11-20 17:05:55.492897511
1763658355.4928975,2831.88,0.35176215,sell,2025-11-20 17:05:55.492897511
1763658355.4928975,2831.88,0.35179803,sell,2025-11-20 17:05:55.492897511
1763658355.4928975,2831.88,0.35179803,sell,2025-11-20 17:05:55.492897511
1763658355.4928975,2831.88,0.35179803,sell,2025-11-20 17:05:55.492897511
1763658355.4928975,2831.88,1.32224322,sell,2025-11-20 17:05:55.492897511
1763658355.4928975,2831.83,0.033,sell,2025-11-20 17:05:55.492897511
1763658355.4928975,2831.82,1.05938936,sell,2025-11-20 17:05:55.492897511
1763658355.4928975,2831.59,0.7256,sell,2025-11-20 17:05:55.492897511
1763658355.4928975,2831.4,0.32,sell,2025-11-20 17:05:55.492897511
1763658355.4928975,2831.4,0.05776019,sell,2025-11-20 17:05:55.492897511
1763658355.4928975,2831.4,0.35209779,sell,2025-11-20 17:05:55.492897511
1763658355.4928975,2831.4,0.35192679,sell,2025-11-20 17:05:55.492897511
1763658355.4928975,2831.4,0.11805969,sell,2025-11-20 17:05:55.492897511
1763658355.4928975,2831.39,0.2338671,sell,2025-11-20 17:05:55.492897511
1763658355.4928975,2831.39,0.35120498,sell,2025-11-20 17:05:55.492897511
1763658355.4928975,2831.39,0.35120498,sell,2025-11-20 17:05:55.492897511
1763658355.4928975,2831.39,0.35120498,sell,2025-11-20 17:05:55.492897511
1763658355.4928977,2831.39,0.35105456,sell,2025-11-20 17:05:55.492897749
1763658355.4928977,2831.39,0.12738049,sell,2025-11-20 17:05:55.492897749
1763658355.4928977,2831.35,0.22367407,sell,2025-11-20 17:05:55.492897749
1763658355.4928977,2831.35,0.35105456,sell,2025-11-20 17:05:55.492897749
1763658355.4928977,2831.35,0.35124445,sell,2025-11-20 17:05:55.492897749
1763658355.4928977,2831.35,0.35124445,sell,2025-11-20 17:05:55.492897749
1763658355.4928977,2831.35,0.35129504,sell,2025-11-20 17:05:55.492897749
1763658355.4928977,2831.35,0.35129504,sell,2025-11-20 17:05:55.492897749
1763658355.4928977,2831.35,0.35129504,sell,2025-11-20 17:05:55.492897749
1763658355.4928977,2831.35,0.35119758,sell,2025-11-20 17:05:55.492897749
1763658355.4928977,2831.35,0.35119758,sell,2025-11-20 17:05:55.492897749
1763658355.4928977,2831.35,0.35143455,sell,2025-11-20 17:05:55.492897749
1763658355.4928977,2831.35,0.35143455,sell,2025-11-20 17:05:55.492897749
1763658355.4928977,2831.35,0.35124322,sell,2025-11-20 17:05:55.492897749
1763658355.4928977,2831.35,0.35159765,sell,2025-11-20 17:05:55.492897749
1763658356.191965,2833.34,0.00955222,buy,2025-11-20 17:05:56.191965103
1763658361.2209475,2833.92,0.00123264,sell,2025-11-20 17:06:01.220947504
1763658362.7991338,2832.54,0.00176433,buy,2025-11-20 17:06:02.799133778
1763658365.6862814,2833.94,0.00862729,buy,2025-11-20 17:06:05.686281443
1763658366.94366,2833.94,0.00344282,buy,2025-11-20 17:06:06.943660021
1763658368.2167277,2833.93,0.00126831,sell,2025-11-20 17:06:08.216727734
1763658368.2167277,2833.93,0.14,sell,2025-11-20 17:06:08.216727734
1763658368.2167277,2833.93,0.02865246,sell,2025-11-20 17:06:08.216727734
1763658368.9550748,2833.94,0.12096022,buy,2025-11-20 17:06:08.955074787
1763658368.9550748,2833.94,0.981324,buy,2025-11-20 17:06:08.955074787
1763658368.9550748,2835.29,0.00540025,buy,2025-11-20 17:06:08.955074787
1763658368.9550748,2835.42,0.985,buy,2025-11-20 17:06:08.955074787
1763658368.9550748,2835.43,1.43597174,buy,2025-11-20 17:06:08.955074787
1763658369.8098493,2835.43,0.17179563,buy,2025-11-20 17:06:09.809849262
1763658370.3010614,2835.42,0.00127739,sell,2025-11-20 17:06:10.301061392
1763658370.3093574,2833.39,0.417,sell,2025-11-20 17:06:10.309357405
1763658370.3093574,2833.38,0.82181396,sell,2025-11-20 17:06:10.309357405
1763658370.3093574,2833.17,0.831,sell,2025-11-20 17:06:10.309357405
1763658370.3093574,2832.57,0.19397955,sell,2025-11-20 17:06:10.309357405
1763658371.5758889,2835.38,1.05805923,buy,2025-11-20 17:06:11.575888872
1763658371.5758889,2835.38,0.7256,buy,2025-11-20 17:06:11.575888872
1763658371.5758889,2835.38,0.8786018,buy,2025-11-20 17:06:11.575888872
1763658371.5758889,2835.38,0.8645409,buy,2025-11-20 17:06:11.575888872
1763658372.7015996,2835.38,0.5824591,buy,2025-11-20 17:06:12.701599598
1763658372.7015996,2835.38,0.70537282,buy,2025-11-20 17:06:12.701599598
1763658372.7015996,2835.38,1.355,buy,2025-11-20 17:06:12.701599598
1763658372.7015996,2835.38,0.7256,buy,2025-11-20 17:06:12.701599598
1763658372.7015996,2835.42,0.16193096,buy,2025-11-20 17:06:12.701599598
1763658373.7579997,2835.42,0.69215172,buy,2025-11-20 17:06:13.757999659
1763658373.7579997,2835.42,2.83821116,buy,2025-11-20 17:06:13.757999659
1763658374.6827056,2835.42,1.76340718,buy,2025-11-20 17:06:14.682705641
1763658374.6827056,2835.42,1.078,buy,2025-11-20 17:06:14.682705641
1763658374.6827056,2835.42,0.68540718,buy,2025-11-20 17:06:14.682705641
1763658375.5170507,2835.42,0.04019282,buy,2025-11-20 17:06:15.517050743
1763658375.5170507,2835.42,0.14,buy,2025-11-20 17:06:15.517050743
1763658375.5170507,2835.42,1.76340718,buy,2025-11-20 17:06:15.517050743
1763658375.5170507,2835.42,1.58321436,buy,2025-11-20 17:06:15.517050743
1763658376.3630805,2835.43,1.437134,buy,2025-11-20 17:06:16.363080502
1763658376.3630805,2835.81,2.08968036,buy,2025-11-20 17:06:16.363080502
1763658377.2085938,2835.97,1.76306519,buy,2025-11-20 17:06:17.208593845
1763658377.2085938,2836.02,1.76374917,buy,2025-11-20 17:06:17.208593845
1763658378.152956,2836.35,3.52632933,buy,2025-11-20 17:06:18.152956009
1763658378.7924047,2836.35,0.09134097,buy,2025-11-20 17:06:18.792404652
1763658380.0662413,2836.35,3.52606822,buy,2025-11-20 17:06:20.066241263
1763658380.274252,2836.35,0.19084159,buy,2025-11-20 17:06:20.274251938
1763658388.0539546,2836.34,0.00134236,sell,2025-11-20 17:06:28.053954601
1763658388.0539546,2836.33,0.00464414,sell,2025-11-20 17:06:28.053954601
1763658388.3839197,2836.33,0.00134239,sell,2025-11-20 17:06:28.383919716
1763658389.7614496,2836.29,0.00134892,sell,2025-11-20 17:06:29.761449575
1763658389.7614496,2835.8,0.55169089,sell,2025-11-20 17:06:29.761449575
1763658390.5043437,2835.8,0.28897135,sell,2025-11-20 17:06:30.504343748
1763658390.5043437,2835.8,0.00102865,sell,2025-11-20 17:06:30.504343748
1763658391.6249197,2835.8,0.00134915,sell,2025-11-20 17:06:31.624919653
1763658391.9730177,2834.01,0.2,buy,2025-11-20 17:06:31.973017693
1763658393.779154,2834.01,0.05388455,buy,2025-11-20 17:06:33.779154062
1763658394.0973842,2834.01,0.97176245,buy,2025-11-20 17:06:34.097384214
1763658394.0973842,2834.01,0.0283126,buy,2025-11-20 17:06:34.097384214
1763658394.260235,2834.0,0.00137015,sell,2025-11-20 17:06:34.260235070
1763658394.620385,2833.11,0.0288071,sell,2025-11-20 17:06:34.620384932
1763658394.620385,2833.11,0.00137114,sell,2025-11-20 17:06:34.620384932
1763658394.620385,2833.1,0.29982176,sell,2025-11-20 17:06:34.620384932
1763658395.6177266,2831.73,0.01739611,buy,2025-11-20 17:06:35.617726564
1763658395.628721,2831.72,0.00136565,sell,2025-11-20 17:06:35.628720999
1763658395.628721,2831.72,0.02882124,sell,2025-11-20 17:06:35.628720999
1763658395.6287212,2831.32,0.00470539,sell,2025-11-20 17:06:35.628721237
1763658395.6287212,2831.05,0.12128612,sell,2025-11-20 17:06:35.628721237
1763658395.665659,2831.05,0.44455166,buy,2025-11-20 17:06:35.665658951
1763658395.6666276,2831.05,0.32450766,buy,2025-11-20 17:06:35.666627645
1763658395.6668186,2831.05,0.12076621,buy,2025-11-20 17:06:35.666818619
1763658395.6670625,2831.05,0.10924354,buy,2025-11-20 17:06:35.667062521
1763658395.6730707,2831.05,1.49714195,buy,2025-11-20 17:06:35.673070669
1763658396.9002917,2831.04,0.00136539,sell,2025-11-20 17:06:36.900291681
1763658396.9002917,2830.19,0.07035365,sell,2025-11-20 17:06:36.900291681
1763658398.6323266,2831.04,0.00136539,sell,2025-11-20 17:06:38.632326603
1763658398.6323266,2831.04,0.02882819,sell,2025-11-20 17:06:38.632326603
1763658398.6323266,2831.04,0.21029568,sell,2025-11-20 17:06:38.632326603
1763658401.1347685,2831.04,0.06410257,sell,2025-11-20 17:06:41.134768486
1763658401.1349835,2831.04,0.01472755,sell,2025-11-20 17:06:41.134983540
1763658401.135146,2831.04,0.01529806,sell,2025-11-20 17:06:41.135145903
1763658401.1353226,2831.04,0.04587182,sell,2025-11-20 17:06:41.135322571
1763658401.1353226,2831.04,0.00143225,sell,2025-11-20 17:06:41.135322571
1763658401.1353226,2831.04,0.02882816,sell,2025-11-20 17:06:41.135322571
1763658401.1353226,2830.48,0.03527517,sell,2025-11-20 17:06:41.135322571
1763658401.1353226,2830.35,0.01227806,sell,2025-11-20 17:06:41.135322571
1763658401.1438937,2830.35,0.00972194,sell,2025-11-20 17:06:41.143893719
1763658401.1438937,2830.21,0.0564146,sell,2025-11-20 17:06:41.143893719
1763658401.6280355,2831.03,0.00157708,sell,2025-11-20 17:06:41.628035545
1763658401.6280355,2830.01,0.07894121,sell,2025-11-20 17:06:41.628035545
1763658402.14181,2831.03,0.00157708,sell,2025-11-20 17:06:42.141809940
1763658402.14181,2830.26,0.16719814,sell,2025-11-20 17:06:42.141809940
1763658402.629989,2831.04,0.00157171,sell,2025-11-20 17:06:42.629988909
1763658402.629989,2830.77,0.09939162,sell,2025-11-20 17:06:42.629988909
1763658406.252435,2834.0,0.00157306,sell,2025-11-20 17:06:46.252434969
1763658406.818176,2833.63,0.00157161,sell,2025-11-20 17:06:46.818176031
1763658411.3974512,2832.28,0.001571,sell,2025-11-20 17:06:51.397451162
1763658411.4423313,2831.64,0.02882206,sell,2025-11-20 17:06:51.442331314
1763658412.7998786,2831.02,0.23900111,buy,2025-11-20 17:06:52.799878597
1763658413.1411035,2831.01,0.00155515,sell,2025-11-20 17:06:53.141103506
1763658413.2674067,2830.0,0.022,sell,2025-11-20 17:06:53.267406702
1763658413.2674067,2830.0,0.03533568,sell,2025-11-20 17:06:53.267406702
1763658413.2674067,2830.0,0.04073499,sell,2025-11-20 17:06:53.267406702
1763658413.2674067,2830.0,0.51534628,sell,2025-11-20 17:06:53.267406702
1763658413.2674067,2830.0,20.0,sell,2025-11-20 17:06:53.267406702
1763658413.2674067,2830.0,0.35335689,sell,2025-11-20 17:06:53.267406702
1763658413.2674067,2830.0,0.71942446,sell,2025-11-20 17:06:53.267406702
1763658413.2674067,2830.0,0.5,sell,2025-11-20 17:06:53.267406702
1763658413.2674067,2830.0,0.2,sell,2025-11-20 17:06:53.267406702
1763658413.2674067,2830.0,0.00172413,sell,2025-11-20 17:06:53.267406702
1763658413.2674067,2830.0,16.44207757,sell,2025-11-20 17:06:53.267406702
1763658413.493086,2830.0,0.00289416,sell,2025-11-20 17:06:53.493086100
1763658414.6339638,2829.77,0.14461106,sell,2025-11-20 17:06:54.633963823
1763658414.6339638,2829.77,0.00155347,sell,2025-11-20 17:06:54.633963823
1763658414.633964,2829.5,0.10602579,sell,2025-11-20 17:06:54.633964062
1763658414.633964,2829.0,0.10604454,sell,2025-11-20 17:06:54.633964062
1763658414.633964,2829.0,0.17674089,sell,2025-11-20 17:06:54.633964062
1763658414.633964,2828.3,0.00245444,sell,2025-11-20 17:06:54.633964062
1763658414.633964,2828.29,0.047,sell,2025-11-20 17:06:54.633964062
1763658414.633964,2828.28,0.41556981,sell,2025-11-20 17:06:54.633964062
1763658414.633964,2828.28,0.58443019,sell,2025-11-20 17:06:54.633964062
1763658414.633964,2828.15,0.00101624,sell,2025-11-20 17:06:54.633964062
1763658414.633964,2828.11,0.05303895,sell,2025-11-20 17:06:54.633964062
1763658414.633964,2828.01,0.36151462,sell,2025-11-20 17:06:54.633964062
1763658415.869679,2829.26,0.17890084,buy,2025-11-20 17:06:55.869678974
1763658416.2538643,2829.26,0.03340891,buy,2025-11-20 17:06:56.253864288
1763658416.9815722,2829.26,0.03482235,buy,2025-11-20 17:06:56.981572151
1763658417.1742947,2829.25,0.00150626,sell,2025-11-20 17:06:57.174294710
1763658417.1742947,2828.0,0.00336085,sell,2025-11-20 17:06:57.174294710
1763658417.3254764,2829.25,0.00051691,buy,2025-11-20 17:06:57.325476408
1763658417.3965194,2828.0,0.00112232,sell,2025-11-20 17:06:57.396519423
1763658417.4373121,2829.22,0.17661479,buy,2025-11-20 17:06:57.437312126
1763658419.5568974,2829.25,0.00150626,sell,2025-11-20 17:06:59.556897402
1763658419.5568974,2829.25,0.23026243,sell,2025-11-20 17:06:59.556897402
1763658420.0280113,2829.25,0.01973757,sell,2025-11-20 17:07:00.028011322
1763658420.0280113,2829.25,0.00150436,sell,2025-11-20 17:07:00.028011322
1763658420.0280113,2828.95,0.00576782,sell,2025-11-20 17:07:00.028011322
1763658422.793144,2829.74,0.00147404,sell,2025-11-20 17:07:02.793143988
1763658422.7931442,2829.25,0.00852596,sell,2025-11-20 17:07:02.793144226
1763658422.8000922,2829.25,0.00011314,sell,2025-11-20 17:07:02.800092220
1763658423.1700168,2828.01,0.00034838,buy,2025-11-20 17:07:03.170016766
1763658424.1767192,2828.2,0.00147143,sell,2025-11-20 17:07:04.176719189
1763658424.1767192,2828.0,0.3737594,sell,2025-11-20 17:07:04.176719189
1763658424.1767192,2828.0,0.34476917,sell,2025-11-20 17:07:04.176719189
1763658424.2025375,2828.0,0.00883761,sell,2025-11-20 17:07:04.202537537
1763658424.4004734,2827.78,0.00470976,sell,2025-11-20 17:07:04.400473356
1763658424.6178157,2827.61,0.03943614,sell,2025-11-20 17:07:04.617815733
1763658424.6178157,2827.61,0.00146242,sell,2025-11-20 17:07:04.617815733
1763658425.3080347,2827.78,0.0014,sell,2025-11-20 17:07:05.308034658
1763658425.3314135,2827.78,6.079e-05,sell,2025-11-20 17:07:05.331413507
1763658425.4724648,2827.74,0.0166,buy,2025-11-20 17:07:05.472464800
1763658425.9843998,2827.17,1.0611318,buy,2025-11-20 17:07:05.984399796
1763658426.1087108,2827.16,0.00216716,sell,2025-11-20 17:07:06.108710766
1763658426.1087108,2827.16,0.00143284,sell,2025-11-20 17:07:06.108710766
1763658426.1817324,2827.16,2.827e-05,sell,2025-11-20 17:07:06.181732416
1763658426.1817324,2827.05,0.05305884,sell,2025-11-20 17:07:06.181732416
1763658426.1835034,2827.0,0.44216484,sell,2025-11-20 17:07:06.183503389
1763658426.1835034,2827.0,0.21323516,sell,2025-11-20 17:07:06.183503389
1763658426.189575,2827.0,4.78676484,sell,2025-11-20 17:07:06.189574957
1763658426.3151646,2826.29,0.001,sell,2025-11-20 17:07:06.315164566
1763658426.3151646,2826.0,0.10615711,sell,2025-11-20 17:07:06.315164566
1763658426.3151646,2825.3,3.38196555,sell,2025-11-20 17:07:06.315164566
1763658426.5275362,2826.01,0.00138031,sell,2025-11-20 17:07:06.527536154
1763658426.5275362,2825.3,1.61803445,sell,2025-11-20 17:07:06.527536154
1763658426.5275362,2825.27,0.35394847,sell,2025-11-20 17:07:06.527536154
1763658426.5275362,2825.0,0.00495575,sell,2025-11-20 17:07:06.527536154
1763658426.5275362,2825.0,1.0,sell,2025-11-20 17:07:06.527536154
1763658426.5275362,2825.0,0.5,sell,2025-11-20 17:07:06.527536154
1763658426.5275362,2825.0,1.5,sell,2025-11-20 17:07:06.527536154
1763658426.5275362,2825.0,0.05,sell,2025-11-20 17:07:06.527536154
1763658426.5275362,2825.0,0.25,sell,2025-11-20 17:07:06.527536154
1763658426.5275362,2825.0,0.25,sell,2025-11-20 17:07:06.527536154
1763658426.5275362,2824.95,0.003015,sell,2025-11-20 17:07:06.527536154
1763658426.535519,2824.69,0.02012842,sell,2025-11-20 17:07:06.535518885
1763658426.538478,2824.56,0.00101754,sell,2025-11-20 17:07:06.538477898
1763658426.5973434,2824.0,2.0,sell,2025-11-20 17:07:06.597343445
1763658426.5973434,2824.0,0.007,sell,2025-11-20 17:07:06.597343445
1763658426.6112776,2824.0,8.57e-05,sell,2025-11-20 17:07:06.611277580
1763658426.6112776,2823.93,0.0306143,sell,2025-11-20 17:07:06.611277580
1763658426.6898832,2823.93,0.0001402,sell,2025-11-20 17:07:06.689883232
1763658426.6898832,2823.87,2.9998598,sell,2025-11-20 17:07:06.689883232
1763658426.713403,2823.87,0.0001402,sell,2025-11-20 17:07:06.713402987
1763658426.713403,2823.69,0.02893474,sell,2025-11-20 17:07:06.713402987
1763658426.713403,2823.14,0.05912562,sell,2025-11-20 17:07:06.713402987
1763658426.7149951,2823.0,0.00354234,sell,2025-11-20 17:07:06.714995146
1763658426.7149951,2823.0,1.06269925,sell,2025-11-20 17:07:06.714995146
1763658426.7149951,2822.99,2.0,sell,2025-11-20 17:07:06.714995146
1763658426.7894228,2823.84,0.0053005,buy,2025-11-20 17:07:06.789422750
1763658426.9668639,2823.06,1.82244772,sell,2025-11-20 17:07:06.966863871
1763658426.9668639,2823.06,1.82244772,sell,2025-11-20 17:07:06.966863871
1763658426.9668639,2823.06,1.82244772,sell,2025-11-20 17:07:06.966863871
1763658426.966864,2823.06,1.82244772,sell,2025-11-20 17:07:06.966864109
1763658426.966864,2823.06,1.82244772,sell,2025-11-20 17:07:06.966864109
1763658426.966864,2823.06,0.2867614,sell,2025-11-20 17:07:06.966864109
1763658426.9840133,2823.06,0.8255165,sell,2025-11-20 17:07:06.984013319
1763658427.0074155,2822.61,0.8255165,sell,2025-11-20 17:07:07.007415533
1763658427.0246744,2823.56,0.00442819,buy,2025-11-20 17:07:07.024674416
1763658427.0757487,2823.56,0.08374006,buy,2025-11-20 17:07:07.075748682
1763658427.4342012,2823.51,0.20940406,buy,2025-11-20 17:07:07.434201241
1763658427.4434476,2823.51,0.01771209,buy,2025-11-20 17:07:07.443447590
1763658427.4890056,2823.51,0.00530187,buy,2025-11-20 17:07:07.489005566
1763658427.5381608,2823.96,0.00177086,buy,2025-11-20 17:07:07.538160801
1763658427.6362987,2823.96,0.01545365,buy,2025-11-20 17:07:07.636298656
1763658427.6363623,2822.5,0.04319615,sell,2025-11-20 17:07:07.636362314
1763658427.6664963,2822.5,0.0630926,sell,2025-11-20 17:07:07.666496277
1763658427.6664963,2822.01,8.81158471,sell,2025-11-20 17:07:07.666496277
1763658427.8552933,2823.96,0.00530103,buy,2025-11-20 17:07:07.855293274
1763658427.8999498,2823.95,0.00130944,sell,2025-11-20 17:07:07.899949789
1763658428.9816155,2823.76,0.00114433,sell,2025-11-20 17:07:08.981615543
1763658429.442484,2823.2,0.03400722,buy,2025-11-20 17:07:09.442483902
1763658429.5712037,2823.19,0.00114456,sell,2025-11-20 17:07:09.571203709
1763658429.5712037,2822.29,0.01441441,sell,2025-11-20 17:07:09.571203709
1763658429.5712037,2822.01,0.03538176,sell,2025-11-20 17:07:09.571203709
1763658429.5712037,2822.0,0.07866762,sell,2025-11-20 17:07:09.571203709
1763658429.5712037,2822.0,0.5,sell,2025-11-20 17:07:09.571203709
1763658429.5712037,2821.83,0.01108854,sell,2025-11-20 17:07:09.571203709
1763658429.5712037,2821.82,0.02058833,sell,2025-11-20 17:07:09.571203709
1763658429.5712037,2821.8,1.85577485,sell,2025-11-20 17:07:09.571203709
1763658430.1438587,2823.19,0.00108308,sell,2025-11-20 17:07:10.143858671
1763658430.5356855,2823.2,0.1770687,buy,2025-11-20 17:07:10.535685539
1763658433.3578227,2825.48,0.03490068,buy,2025-11-20 17:07:13.357822657
1763658433.3959272,2825.47,0.00107186,sell,2025-11-20 17:07:13.395927191
1763658433.4101806,2825.47,0.02656814,buy,2025-11-20 17:07:13.410180569
1763658434.418692,2824.16,0.04112865,buy,2025-11-20 17:07:14.418692112
1763658434.418692,2825.46,0.13337473,buy,2025-11-20 17:07:14.418692112
1763658434.814565,2825.46,0.05306744,buy,2025-11-20 17:07:14.814564943
1763658434.8843856,2825.45,0.00109675,sell,2025-11-20 17:07:14.884385586
1763658435.4953866,2825.44,0.00103408,sell,2025-11-20 17:07:15.495386600
1763658436.0736537,2823.49,2.24,sell,2025-11-20 17:07:16.073653698
1763658436.5187104,2823.5,0.53041019,buy,2025-11-20 17:07:16.518710374
1763658438.3835227,2825.42,0.00103179,sell,2025-11-20 17:07:18.383522749
1763658438.3894541,2825.43,0.04827412,buy,2025-11-20 17:07:18.389454126
1763658441.047083,2825.0,12.96978358,buy,2025-11-20 17:07:21.047082901
1763658441.048103,2825.0,33.49226915,buy,2025-11-20 17:07:21.048103094
1763658441.0503616,2825.0,24.4687555,buy,2025-11-20 17:07:21.050361633
1763658441.0505617,2825.0,19.8047434,buy,2025-11-20 17:07:21.050561666
1763658441.0691874,2825.0,15.922,buy,2025-11-20 17:07:21.069187403
1763658441.0697339,2825.0,10.17887443,buy,2025-11-20 17:07:21.069733858
1763658441.07048,2825.0,15.10916455,buy,2025-11-20 17:07:21.070480108
1763658441.0714877,2825.0,15.99238816,buy,2025-11-20 17:07:21.071487665
1763658447.9404054,2824.99,2.47171103,sell,2025-11-20 17:07:27.940405369
1763658449.52172,2825.27,0.7256,sell,2025-11-20 17:07:29.521719932
1763658449.52172,2824.99,0.17376004,sell,2025-11-20 17:07:29.521719932
1763658452.915989,2826.3,0.09749579,sell,2025-11-20 17:07:32.915988922
1763658454.397144,2825.7,0.7256,buy,2025-11-20 17:07:34.397144079
1763658454.397144,2825.7,0.70778922,buy,2025-11-20 17:07:34.397144079
1763658454.397144,2825.7,0.2,buy,2025-11-20 17:07:34.397144079
1763658454.397144,2825.7,0.88159524,buy,2025-11-20 17:07:34.397144079
1763658454.397144,2825.7,5.30978288,buy,2025-11-20 17:07:34.397144079
1763658454.397144,2825.93,0.211,buy,2025-11-20 17:07:34.397144079
1763658454.397144,2825.98,0.80408209,buy,2025-11-20 17:07:34.397144079
1763658454.397144,2825.98,0.20307872,buy,2025-11-20 17:07:34.397144079
1763658455.2569373,2825.69,0.03,sell,2025-11-20 17:07:35.256937265
1763658455.6204,2825.69,0.00532877,sell,2025-11-20 17:07:35.620399952
1763658456.1241918,2825.52,0.7256,buy,2025-11-20 17:07:36.124191761
1763658456.1241918,2825.7,1.454217,buy,2025-11-20 17:07:36.124191761
1763658456.1241918,2825.97,0.7256,buy,2025-11-20 17:07:36.124191761
1763658456.1241918,2826.29,0.029,buy,2025-11-20 17:07:36.124191761
1763658456.1241918,2826.3,0.3,buy,2025-11-20 17:07:36.124191761
1763658456.1241918,2826.31,0.8255165,buy,2025-11-20 17:07:36.124191761
1763658456.1241918,2826.31,0.7256,buy,2025-11-20 17:07:36.124191761
1763658456.1241918,2826.33,29.711,buy,2025-11-20 17:07:36.124191761
1763658456.1241918,2826.58,0.88541463,buy,2025-11-20 17:07:36.124191761
1763658457.1970174,2823.77,0.7256,sell,2025-11-20 17:07:37.197017431
1763658457.1970174,2823.73,0.293,sell,2025-11-20 17:07:37.197017431
1763658457.1970174,2823.69,25.467,sell,2025-11-20 17:07:37.197017431
1763658457.1970174,2823.68,0.7256,sell,2025-11-20 17:07:37.197017431
1763658457.1970174,2823.66,22.7888,sell,2025-11-20 17:07:37.197017431
1763658457.6646388,2825.52,1.349891,buy,2025-11-20 17:07:37.664638758
1763658457.6646388,2825.95,0.231,buy,2025-11-20 17:07:37.664638758
1763658457.6646388,2826.1,0.7256,buy,2025-11-20 17:07:37.664638758
1763658457.6646388,2826.39,0.7256,buy,2025-11-20 17:07:37.664638758
1763658457.6646388,2826.56,0.13,buy,2025-11-20 17:07:37.664638758
1763658457.6646388,2826.57,0.23,buy,2025-11-20 17:07:37.664638758
1763658457.6646388,2826.58,2.521659,buy,2025-11-20 17:07:37.664638758
1763658462.0126593,2825.51,3.29470669,sell,2025-11-20 17:07:42.012659311
1763658464.5367985,2828.48,0.18,buy,2025-11-20 17:07:44.536798477
1763658466.334135,2828.47,5.29944665,sell,2025-11-20 17:07:46.334135056
1763658466.334135,2828.47,1.76774015,sell,2025-11-20 17:07:46.334135056
1763658466.334135,2828.47,1.06064409,sell,2025-11-20 17:07:46.334135056
1763658466.334135,2828.47,1.021,sell,2025-11-20 17:07:46.334135056
1763658466.334135,2828.47,2.18553144,sell,2025-11-20 17:07:46.334135056
1763658466.334135,2828.47,1.76774015,sell,2025-11-20 17:07:46.334135056
1763658466.3341353,2828.47,0.7256,sell,2025-11-20 17:07:46.334135294
1763658466.3341353,2828.47,0.88074267,sell,2025-11-20 17:07:46.334135294
1763658466.3341353,2828.47,0.57849166,sell,2025-11-20 17:07:46.334135294
1763658466.3341353,2828.47,0.70709606,sell,2025-11-20 17:07:46.334135294
1763658466.3341353,2828.42,17.67769866,sell,2025-11-20 17:07:46.334135294
1763658466.3341353,2828.36,5.02204,sell,2025-11-20 17:07:46.334135294
1763658466.3341353,2828.35,11.30622847,sell,2025-11-20 17:07:46.334135294
1763658466.3392515,2828.48,1.74027,buy,2025-11-20 17:07:46.339251518
1763658466.3392515,2828.57,0.05,buy,2025-11-20 17:07:46.339251518
1763658466.3392515,2828.86,1.8207229,buy,2025-11-20 17:07:46.339251518
1763658466.3392515,2828.88,5.91375,buy,2025-11-20 17:07:46.339251518
1763658466.3392515,2828.89,2.0,buy,2025-11-20 17:07:46.339251518
1763658466.8122928,2831.02,0.00367227,buy,2025-11-20 17:07:46.812292814
1763658468.4877944,2829.86,0.7256,buy,2025-11-20 17:07:48.487794399
1763658468.4877944,2830.14,1.8207229,buy,2025-11-20 17:07:48.487794399
1763658468.4877944,2830.14,0.745,buy,2025-11-20 17:07:48.487794399
1763658468.4877944,2830.15,0.7256,buy,2025-11-20 17:07:48.487794399
1763658468.4877944,2830.25,29.694,buy,2025-11-20 17:07:48.487794399
1763658468.4877944,2830.43,1.6120349,buy,2025-11-20 17:07:48.487794399
1763658470.1989763,2829.86,0.97653029,buy,2025-11-20 17:07:50.198976278
1763658478.9022186,2829.86,0.01359655,buy,2025-11-20 17:07:58.902218580
1763658481.1403072,2829.85,2.08,sell,2025-11-20 17:08:01.140307188
1763658486.2466588,2830.33,2.08224906,sell,2025-11-20 17:08:06.246658802
1763658486.2466588,2830.33,5.29836704,sell,2025-11-20 17:08:06.246658802
1763658486.246659,2830.33,0.944,sell,2025-11-20 17:08:06.246659040
1763658486.246659,2830.24,41.6753839,sell,2025-11-20 17:08:06.246659040
1763658486.4439325,2830.33,0.0024072,buy,2025-11-20 17:08:06.443932533
1763658487.1725006,2830.33,0.3105,buy,2025-11-20 17:08:07.172500610
1763658487.778302,2830.33,1.5078157,buy,2025-11-20 17:08:07.778301954
1763658487.778302,2830.33,4.92846831,buy,2025-11-20 17:08:07.778301954
1763658487.778302,2830.33,1.92027,buy,2025-11-20 17:08:07.778301954
1763658487.778302,2830.33,2.61849158,buy,2025-11-20 17:08:07.778301954
1763658487.8438234,2830.33,3.29525842,buy,2025-11-20 17:08:07.843823433
1763658488.2725217,2831.01,0.00227205,buy,2025-11-20 17:08:08.272521734
1763658488.5676334,2831.01,0.97425824,buy,2025-11-20 17:08:08.567633390
1763658488.5676334,2831.02,14.91674176,buy,2025-11-20 17:08:08.567633390
1763658488.6269257,2831.02,10.19544746,buy,2025-11-20 17:08:08.626925707
1763658488.6601958,2831.02,16.28716204,buy,2025-11-20 17:08:08.660195827
1763658488.701231,2831.02,8.60064874,buy,2025-11-20 17:08:08.701231003
1763658488.701231,2831.02,31.57153342,buy,2025-11-20 17:08:08.701231003
1763658488.7129967,2831.02,17.00000511,buy,2025-11-20 17:08:08.712996721
1763658488.715514,2831.02,0.7376,buy,2025-11-20 17:08:08.715513945
1763658488.766115,2831.02,0.69086147,buy,2025-11-20 17:08:08.766114950
1763658488.7913828,2831.02,1.92027,buy,2025-11-20 17:08:08.791382790
1763658489.204809,2833.72,0.30750654,buy,2025-11-20 17:08:09.204808950
1763658489.204809,2833.73,0.01137092,buy,2025-11-20 17:08:09.204808950
1763658489.204809,2835.73,0.7256,buy,2025-11-20 17:08:09.204808950
1763658489.204809,2835.82,0.05,buy,2025-11-20 17:08:09.204808950
1763658489.204809,2835.86,5.02204,buy,2025-11-20 17:08:09.204808950
1763658489.204809,2836.02,0.7256,buy,2025-11-20 17:08:09.204808950
1763658489.204809,2836.3,28.48945165,buy,2025-11-20 17:08:09.204808950
1763658490.8014972,2836.28,0.30750654,buy,2025-11-20 17:08:10.801497221
1763658490.8014972,2836.28,0.00551053,buy,2025-11-20 17:08:10.801497221
1763658490.8014972,2836.5,0.10628875,buy,2025-11-20 17:08:10.801497221
1763658490.8077574,2836.68,0.00545739,buy,2025-11-20 17:08:10.807757378
1763658491.2638738,2838.22,0.01512778,sell,2025-11-20 17:08:11.263873815
1763658493.0034935,2837.28,0.04885329,sell,2025-11-20 17:08:13.003493547
1763658493.0034935,2836.86,0.82154812,sell,2025-11-20 17:08:13.003493547
1763658493.0034935,2836.38,0.7256,sell,2025-11-20 17:08:13.003493547
1763658493.0034935,2836.09,0.7256,sell,2025-11-20 17:08:13.003493547
1763658493.0034938,2835.78,0.7256,sell,2025-11-20 17:08:13.003493786
1763658493.0034938,2835.6,31.70707811,sell,2025-11-20 17:08:13.003493786
1763658493.0034938,2835.59,15.24572048,sell,2025-11-20 17:08:13.003493786
1763658493.4327962,2838.35,0.00692776,buy,2025-11-20 17:08:13.432796240
1763658495.88653,2838.71,0.01210012,buy,2025-11-20 17:08:15.886529922
1763658495.88653,2840.0,0.08757581,buy,2025-11-20 17:08:15.886529922
1763658502.314466,2839.99,5.28029097,sell,2025-11-20 17:08:22.314466000
1763658502.314466,2839.99,0.828,sell,2025-11-20 17:08:22.314466000
1763658502.314466,2839.99,0.7256,sell,2025-11-20 17:08:22.314466000
1763658502.314466,2839.99,0.3,sell,2025-11-20 17:08:22.314466000
1763658502.314466,2839.99,0.14356838,sell,2025-11-20 17:08:22.314466000
1763658502.314466,2839.99,0.70422783,sell,2025-11-20 17:08:22.314466000
1763658502.314466,2839.99,6.79118506,sell,2025-11-20 17:08:22.314466000
1763658502.314466,2839.98,1.76057081,sell,2025-11-20 17:08:22.314466000
1763658502.314466,2839.93,5.02204,sell,2025-11-20 17:08:22.314466000
1763658502.314466,2839.93,1.76060677,sell,2025-11-20 17:08:22.314466000
1763658502.314466,2839.92,17.6060746,sell,2025-11-20 17:08:22.314466000
1763658502.314466,2839.86,0.87719053,sell,2025-11-20 17:08:22.314466000
1763658502.314466,2839.86,8.20064505,sell,2025-11-20 17:08:22.314466000
1763658502.3471575,2840.0,0.0185813,buy,2025-11-20 17:08:22.347157478
1763658502.3852713,2842.52,0.05907747,buy,2025-11-20 17:08:22.385271311
1763658503.0528407,2842.53,0.06104526,buy,2025-11-20 17:08:23.052840710
1763658504.004573,2843.5,0.10602579,buy,2025-11-20 17:08:24.004573107
1763658504.004573,2845.45,1.75719597,buy,2025-11-20 17:08:24.004573107
1763658504.004573,2845.59,17.57108948,buy,2025-11-20 17:08:24.004573107
1763658504.004573,2845.82,0.7256,buy,2025-11-20 17:08:24.004573107
1763658504.004573,2845.87,5.02204,buy,2025-11-20 17:08:24.004573107
1763658504.004573,2845.89,2.93102893,buy,2025-11-20 17:08:24.004573107
1763658504.3128774,2843.5,5.2766285,buy,2025-11-20 17:08:24.312877417
1763658504.3128774,2844.08,0.7256,buy,2025-11-20 17:08:24.312877417
1763658504.3128774,2844.43,29.17769924,buy,2025-11-20 17:08:24.312877417
1763658506.4781425,2843.5,0.1,buy,2025-11-20 17:08:26.478142500
1763658506.6300216,2843.77,0.05,sell,2025-11-20 17:08:26.630021572
1763658508.408291,2844.32,0.7256,buy,2025-11-20 17:08:28.408291101
1763658508.4082913,2844.49,2.79119268,buy,2025-11-20 17:08:28.408291340
1763658509.4437487,2843.5,0.70335853,buy,2025-11-20 17:08:29.443748713
1763658509.4437487,2843.5,2.81310025,buy,2025-11-20 17:08:29.443748713
1763658509.9914253,2843.49,0.3,sell,2025-11-20 17:08:29.991425276
1763658510.003469,2843.49,0.00804131,sell,2025-11-20 17:08:30.003468990
1763658510.042633,2842.43,3.51645878,buy,2025-11-20 17:08:30.042633057
1763658510.6183739,2842.68,0.00365763,buy,2025-11-20 17:08:30.618373871
1763658510.683059,2841.01,3.51679268,buy,2025-11-20 17:08:30.683058977
1763658511.0117679,2841.0,0.01905292,buy,2025-11-20 17:08:31.011767864
1763658511.1820395,2842.07,0.00320814,buy,2025-11-20 17:08:31.182039499
1763658512.6609547,2840.23,0.00469066,sell,2025-11-20 17:08:32.660954714
1763658512.9744482,2839.28,0.05656058,buy,2025-11-20 17:08:32.974448204
1763658517.1166806,2839.27,0.03522032,buy,2025-11-20 17:08:37.116680622
1763658518.721611,2841.99,0.03518661,buy,2025-11-20 17:08:38.721611023
1763658519.1437154,2840.44,0.7256,sell,2025-11-20 17:08:39.143715382
1763658519.1437154,2840.12,20.1464505,sell,2025-11-20 17:08:39.143715382
1763658519.2418754,2841.94,0.70374463,buy,2025-11-20 17:08:39.241875410
1763658519.6860578,2841.99,0.09869902,buy,2025-11-20 17:08:39.686057806
1763658520.3461595,2839.95,0.54047548,sell,2025-11-20 17:08:40.346159458
1763658521.1055975,2841.97,0.53944461,sell,2025-11-20 17:08:41.105597496
1763658521.651362,2841.97,0.02015223,sell,2025-11-20 17:08:41.651361942
1763658521.9328613,2841.98,0.01442723,buy,2025-11-20 17:08:41.932861328
1763658524.004874,2841.05,0.25,sell,2025-11-20 17:08:44.004873991
1763658524.004874,2841.05,0.2895446,sell,2025-11-20 17:08:44.004873991
1763658524.1329944,2841.04,0.05906926,sell,2025-11-20 17:08:44.132994413
1763658524.4446309,2841.98,0.10198874,buy,2025-11-20 17:08:44.444630861
1763658525.1953173,2841.98,0.00527801,buy,2025-11-20 17:08:45.195317268
1763658526.009213,2840.86,0.03514636,sell,2025-11-20 17:08:46.009212971
1763658526.009213,2839.95,0.18512452,sell,2025-11-20 17:08:46.009212971
1763658526.1859922,2839.87,0.07207724,buy,2025-11-20 17:08:46.185992241
1763658527.131935,2839.87,0.6649471,buy,2025-11-20 17:08:47.131934881
1763658527.131935,2840.11,0.3350529,buy,2025-11-20 17:08:47.131934881
1763658529.3697035,2841.67,0.001,buy,2025-11-20 17:08:49.369703531
1763658530.176803,2839.17,0.001,buy,2025-11-20 17:08:50.176803112
1763658531.7724967,2837.02,0.30874382,sell,2025-11-20 17:08:51.772496700
1763658532.8298948,2836.42,0.00469619,sell,2025-11-20 17:08:52.829894781
1763658532.829895,2836.27,0.33694958,sell,2025-11-20 17:08:52.829895020
1763658532.829895,2834.97,0.7256,sell,2025-11-20 17:08:52.829895020
1763658532.829895,2834.96,0.289,sell,2025-11-20 17:08:52.829895020
1763658532.829895,2834.92,1.51913758,sell,2025-11-20 17:08:52.829895020
1763658538.170996,2833.65,0.681,sell,2025-11-20 17:08:58.170995951
1763658538.170996,2833.45,0.28557314,sell,2025-11-20 17:08:58.170995951
1763658540.3675938,2834.92,0.04801941,buy,2025-11-20 17:09:00.367593765
1763658541.1018386,2835.72,0.08531612,buy,2025-11-20 17:09:01.101838589
1763658545.6225326,2833.99,0.03528594,buy,2025-11-20 17:09:05.622532606
1763658545.9593136,2833.03,0.17575734,buy,2025-11-20 17:09:05.959313631
1763658548.4661095,2833.02,0.24,sell,2025-11-20 17:09:08.466109514
1763658548.4661095,2832.93,3.113,sell,2025-11-20 17:09:08.466109514
1763658548.4661095,2832.93,0.70586496,sell,2025-11-20 17:09:08.466109514
1763658548.4661095,2832.89,1.76466241,sell,2025-11-20 17:09:08.466109514
1763658548.4661098,2832.88,0.98111699,sell,2025-11-20 17:09:08.466109753
1763658549.5953975,2833.03,0.00682824,buy,2025-11-20 17:09:09.595397472
1763658549.5953975,2833.03,0.88208276,buy,2025-11-20 17:09:09.595397472
1763658549.5953975,2834.5,3.11791724,buy,2025-11-20 17:09:09.595397472
1763658549.5953975,2834.5,1.99849315,buy,2025-11-20 17:09:09.595397472
1763658551.0408804,2836.65,0.0008683,buy,2025-11-20 17:09:11.040880442
1763658553.3205566,2834.68,0.0083,buy,2025-11-20 17:09:13.320556641
1763658555.8872013,2834.68,0.07046397,buy,2025-11-20 17:09:15.887201309
1763658558.8898573,2836.95,0.04885329,sell,2025-11-20 17:09:18.889857292
1763658558.8898573,2836.52,0.00394343,sell,2025-11-20 17:09:18.889857292
1763658559.9024086,2837.13,0.5,buy,2025-11-20 17:09:19.902408600
1763658564.0464582,2835.08,0.00034471,buy,2025-11-20 17:09:24.046458244
1763658565.8738103,2834.49,20.81503198,buy,2025-11-20 17:09:25.873810291
1763658566.0297236,2833.81,0.07223491,buy,2025-11-20 17:09:26.029723644
1763658568.1350677,2833.36,0.01763662,buy,2025-11-20 17:09:28.135067701
1763658573.3562799,2832.99,0.03279815,buy,2025-11-20 17:09:33.356279850
1763658573.9417171,2832.99,0.09872703,buy,2025-11-20 17:09:33.941717148
1763658577.5646632,2832.7,0.01763669,buy,2025-11-20 17:09:37.564663172
1763658577.6749978,2832.17,0.00150371,buy,2025-11-20 17:09:37.674997807
1763658579.5019171,2831.91,0.06,sell,2025-11-20 17:09:39.501917124
1763658579.5019171,2831.86,0.03525689,sell,2025-11-20 17:09:39.501917124
1763658579.5019171,2831.81,0.00470348,sell,2025-11-20 17:09:39.501917124
1763658579.5019171,2831.44,0.005,sell,2025-11-20 17:09:39.501917124
1763658579.5019171,2831.34,0.31,sell,2025-11-20 17:09:39.501917124
1763658579.5019171,2831.33,0.58503963,sell,2025-11-20 17:09:39.501917124
1763658580.8774555,2831.73,0.3531909,buy,2025-11-20 17:09:40.877455473
1763658580.8852103,2831.73,0.007843,buy,2025-11-20 17:09:40.885210276
1763658580.9063606,2831.67,1.76574719,buy,2025-11-20 17:09:40.906360626
1763658580.9063606,2831.9,4.14512741,buy,2025-11-20 17:09:40.906360626
1763658582.3016877,2831.34,0.25,buy,2025-11-20 17:09:42.301687717
1763658582.3016877,2831.67,0.1031909,buy,2025-11-20 17:09:42.301687717
1763658583.351914,2832.4,0.3531909,buy,2025-11-20 17:09:43.351913929
1763658584.3552325,2832.82,0.35314849,buy,2025-11-20 17:09:44.355232477
1763658585.2538838,2832.4,0.35314849,buy,2025-11-20 17:09:45.253883839
1763658586.294121,2832.4,0.35300513,buy,2025-11-20 17:09:46.294121027
1763658586.532009,2831.13,0.87989285,sell,2025-11-20 17:09:46.532008885
1763658587.3982618,2831.09,0.35300513,buy,2025-11-20 17:09:47.398261786
1763658588.865919,2831.09,0.01734565,buy,2025-11-20 17:09:48.865919113
1763658589.5177956,2831.09,0.26175275,buy,2025-11-20 17:09:49.517795562
1763658589.5177956,2832.01,3.27045569,buy,2025-11-20 17:09:49.517795562
1763658590.60911,2831.09,1.46124,buy,2025-11-20 17:09:50.609110117
1763658590.60911,2832.4,2.07096844,buy,2025-11-20 17:09:50.609110117
1763658590.845326,2831.94,1.76557208,sell,2025-11-20 17:09:50.845325947
1763658590.845326,2831.68,3.072,sell,2025-11-20 17:09:50.845325947
1763658590.845326,2831.5,21.8143827,sell,2025-11-20 17:09:50.845325947
1763658590.845326,2831.5,26.9905533,sell,2025-11-20 17:09:50.845325947
1763658590.845326,2831.5,29.42041776,sell,2025-11-20 17:09:50.845325947
1763658591.4752588,2832.72,0.641,buy,2025-11-20 17:09:51.475258827
1763658591.475259,2832.93,2.89120844,buy,2025-11-20 17:09:51.475259066
1763658593.806364,2832.35,0.03799379,buy,2025-11-20 17:09:53.806364059
1763658594.9464757,2831.59,1.76579271,buy,2025-11-20 17:09:54.946475744
1763658594.9464757,2831.86,1.76412154,buy,2025-11-20 17:09:54.946475744
1763658596.8251793,2831.59,1.208657,buy,2025-11-20 17:09:56.825179338
1763658596.8251793,2832.4,2.3219801,buy,2025-11-20 17:09:56.825179338
1763658598.8065488,2831.58,1.7657986,sell,2025-11-20 17:09:58.806548834
1763658598.8065488,2831.54,8.27925892,sell,2025-11-20 17:09:58.806548834
1763658599.4260125,2831.58,1.7657986,buy,2025-11-20 17:09:59.426012516
1763658599.4260125,2831.59,1.099695,buy,2025-11-20 17:09:59.426012516
1763658599.4260125,2831.66,0.66508117,buy,2025-11-20 17:09:59.426012516
1763658601.838425,2831.28,0.19526977,sell,2025-11-20 17:10:01.838424921
1763658601.838425,2831.28,0.04473023,sell,2025-11-20 17:10:01.838424921
1763658601.9223049,2831.28,0.00831718,sell,2025-11-20 17:10:01.922304869
1763658602.194314,2830.94,1.68,sell,2025-11-20 17:10:02.194314003
1763658602.4222775,2830.94,0.0043011,sell,2025-11-20 17:10:02.422277451
1763658604.686246,2830.0,0.01419787,sell,2025-11-20 17:10:04.686245918
1763658604.686246,2830.0,0.17580213,sell,2025-11-20 17:10:04.686245918
1763658604.8343325,2830.0,0.00087631,sell,2025-11-20 17:10:04.834332466
1763658604.8690193,2829.5,0.106,sell,2025-11-20 17:10:04.869019270
1763658604.883331,2829.5,2.579e-05,sell,2025-11-20 17:10:04.883331060
1763658605.2328289,2828.7,4.194,sell,2025-11-20 17:10:05.232828856
1763658605.2351854,2828.7,0.2038,sell,2025-11-20 17:10:05.235185385
1763658605.497396,2828.7,7.574e-05,sell,2025-11-20 17:10:05.497395992
1763658607.8944812,2827.96,0.02226452,buy,2025-11-20 17:10:07.894481182
1763658608.6302488,2827.95,0.03,sell,2025-11-20 17:10:08.630248785
1763658609.3428156,2827.95,0.00530946,sell,2025-11-20 17:10:09.342815638
1763658609.3428159,2827.0,0.99469054,sell,2025-11-20 17:10:09.342815876
1763658609.344864,2827.93,0.03282665,buy,2025-11-20 17:10:09.344863892
1763658609.89679,2827.0,2.0,sell,2025-11-20 17:10:09.896790028
1763658611.7463322,2827.01,1.164598,buy,2025-11-20 17:10:11.746332169
1763658611.7463322,2827.09,0.04360999,buy,2025-11-20 17:10:11.746332169
1763658611.7463322,2828.43,6.76080786,buy,2025-11-20 17:10:11.746332169
1763658613.1769874,2827.0,0.00530946,sell,2025-11-20 17:10:13.176987410
1763658615.4692857,2827.01,0.1561709,buy,2025-11-20 17:10:15.469285727
1763658615.5739877,2827.01,0.01018746,buy,2025-11-20 17:10:15.573987722
1763658617.789643,2827.01,1.39054064,buy,2025-11-20 17:10:17.789643049
1763658617.7896433,2827.27,12.75751085,buy,2025-11-20 17:10:17.789643288
1763658618.8236296,2827.01,0.09573605,buy,2025-11-20 17:10:18.823629618
1763658620.0298982,2827.91,0.30750654,buy,2025-11-20 17:10:20.029898167
1763658622.2466695,2831.08,0.13891131,buy,2025-11-20 17:10:22.246669531
1763658623.1983855,2830.26,0.28687834,buy,2025-11-20 17:10:23.198385477
1763658624.6010575,2829.46,0.03528867,sell,2025-11-20 17:10:24.601057529
1763658624.6010575,2828.23,0.45726262,sell,2025-11-20 17:10:24.601057529
1763658625.6151385,2828.25,0.3,sell,2025-11-20 17:10:25.615138531
1763658625.627744,2828.25,0.0097,sell,2025-11-20 17:10:25.627743959
1763658626.8556185,2826.0,0.00294735,sell,2025-11-20 17:10:26.855618477
1763658627.3134484,2826.05,0.08839357,buy,2025-11-20 17:10:27.313448429
1763658628.5968146,2826.0,0.00533328,sell,2025-11-20 17:10:28.596814632
1763658631.54104,2827.96,0.19903747,buy,2025-11-20 17:10:31.541039944
1763658633.1860876,2827.58,0.35361179,buy,2025-11-20 17:10:33.186087608
1763658634.1140969,2826.81,0.35361179,buy,2025-11-20 17:10:34.114096880
1763658634.9393919,2826.94,0.35361179,buy,2025-11-20 17:10:34.939391851
1763658635.9100716,2826.81,0.35373937,buy,2025-11-20 17:10:35.910071611
1763658636.944523,2826.81,0.35373937,buy,2025-11-20 17:10:36.944523096
1763658637.7487366,2826.05,0.35373937,buy,2025-11-20 17:10:37.748736620
1763658638.6069822,2826.05,0.35373937,buy,2025-11-20 17:10:38.606982231
1763658638.641559,2826.05,0.5303633,buy,2025-11-20 17:10:38.641558886
1763658638.66309,2826.0,0.03116973,sell,2025-11-20 17:10:38.663089991
1763658639.6585956,2826.0,0.06670675,sell,2025-11-20 17:10:39.658595562
1763658639.6585956,2826.0,0.17717868,sell,2025-11-20 17:10:39.658595562
1763658639.6585956,2825.69,0.05,sell,2025-11-20 17:10:39.658595562
1763658639.6585956,2825.3,5.88820552,sell,2025-11-20 17:10:39.658595562
1763658639.6726923,2826.05,0.35375564,buy,2025-11-20 17:10:39.672692299
1763658640.1588213,2826.04,0.11466309,sell,2025-11-20 17:10:40.158821344
1763658640.159095,2826.04,1.966e-05,sell,2025-11-20 17:10:40.159095049
1763658640.1593053,2826.04,0.05867066,sell,2025-11-20 17:10:40.159305334
1763658640.1595445,2826.04,0.25158201,sell,2025-11-20 17:10:40.159544468
1763658640.6325095,2826.21,0.03538307,buy,2025-11-20 17:10:40.632509470
1763658640.6325095,2827.01,0.31856164,buy,2025-11-20 17:10:40.632509470
1763658641.6732054,2825.0,0.00596534,sell,2025-11-20 17:10:41.673205376
1763658643.1610167,2825.75,0.23944684,buy,2025-11-20 17:10:43.161016703
1763658645.426743,2825.75,0.3539823,buy,2025-11-20 17:10:45.426743031
1763658647.0499756,2825.75,0.35388834,buy,2025-11-20 17:10:47.049975634
1763658647.9431884,2825.74,0.9,sell,2025-11-20 17:10:47.943188429
1763658648.0810153,2825.74,0.00266621,sell,2025-11-20 17:10:48.081015348
1763658648.3644884,2825.01,0.35388834,buy,2025-11-20 17:10:48.364488363
1763658654.5829816,2825.01,0.13915717,buy,2025-11-20 17:10:54.582981586
1763658655.4824166,2825.01,0.00348658,buy,2025-11-20 17:10:55.482416630
1763658656.6081772,2825.0,0.02729204,sell,2025-11-20 17:10:56.608177185
1763658658.486741,2825.01,0.34789292,buy,2025-11-20 17:10:58.486741066
1763658659.6823635,2825.01,0.07379016,buy,2025-11-20 17:10:59.682363510
1763658661.986028,2825.0,0.20262624,sell,2025-11-20 17:11:01.986027956
1763658662.3681605,2825.0,0.76411638,sell,2025-11-20 17:11:02.368160486
1763658664.624278,2824.86,0.7256,buy,2025-11-20 17:11:04.624278069
1763658664.624278,2825.01,0.15935575,buy,2025-11-20 17:11:04.624278069
1763658665.4616282,2825.0,0.03445071,buy,2025-11-20 17:11:05.461628199
1763658665.580241,2824.39,0.00729586,sell,2025-11-20 17:11:05.580240965
1763658665.580241,2823.84,7.07387919,sell,2025-11-20 17:11:05.580240965
1763658668.5984838,2822.5,0.10628875,sell,2025-11-20 17:11:08.598483801
1763658668.598484,2822.47,0.011,sell,2025-11-20 17:11:08.598484039
1763658668.598484,2822.4,0.48271125,sell,2025-11-20 17:11:08.598484039
1763658669.935115,2823.72,1.0,sell,2025-11-20 17:11:09.935115099
1763658670.669925,2825.31,0.88577097,buy,2025-11-20 17:11:10.669924974
1763658673.7462516,2823.8,0.88218088,buy,2025-11-20 17:11:13.746251583
1763658673.7462516,2823.81,1.9931584,buy,2025-11-20 17:11:13.746251583
1763658674.3754768,2823.86,0.00034883,buy,2025-11-20 17:11:14.375476837
1763658674.7524648,2822.33,0.03652428,sell,2025-11-20 17:11:14.752464771
1763658675.8179455,2822.96,0.00684404,buy,2025-11-20 17:11:15.817945480
1763658676.7295597,2822.95,1.0,buy,2025-11-20 17:11:16.729559660
1763658677.963813,2822.96,0.03350441,buy,2025-11-20 17:11:17.963813066
1763658678.104642,2822.96,0.97840755,buy,2025-11-20 17:11:18.104641914
1763658678.104642,2823.35,4.651351,buy,2025-11-20 17:11:18.104641914
1763658678.1046422,2824.02,0.538,buy,2025-11-20 17:11:18.104642153
1763658678.1046422,2824.12,0.7256,buy,2025-11-20 17:11:18.104642153
1763658678.1046422,2824.33,25.485,buy,2025-11-20 17:11:18.104642153
1763658678.1046422,2824.62,0.35378235,buy,2025-11-20 17:11:18.104642153
1763658678.1046422,2824.7,0.7256,buy,2025-11-20 17:11:18.104642153
1763658678.1046422,2824.99,0.7256,buy,2025-11-20 17:11:18.104642153
1763658678.1046422,2825.07,0.70362569,buy,2025-11-20 17:11:18.104642153
1763658678.1046422,2825.18,0.04413432,buy,2025-11-20 17:11:18.104642153
1763658678.1046422,2825.21,0.8255165,buy,2025-11-20 17:11:18.104642153
1763658678.1046422,2825.23,7.01359578,buy,2025-11-20 17:11:18.104642153
1763658679.0399427,2823.46,0.00175334,buy,2025-11-20 17:11:19.039942741
1763658681.9821346,2822.15,0.005,buy,2025-11-20 17:11:21.982134581
1763658682.0932276,2822.15,0.01771345,buy,2025-11-20 17:11:22.093227625
1763658682.5176644,2822.15,0.13812526,buy,2025-11-20 17:11:22.517664433
1763658682.5939307,2822.15,0.83648674,buy,2025-11-20 17:11:22.593930721
1763658682.5939307,2822.85,0.035,buy,2025-11-20 17:11:22.593930721
1763658682.5939307,2822.98,0.01395169,buy,2025-11-20 17:11:22.593930721
1763658684.9705343,2822.87,0.08618932,buy,2025-11-20 17:11:24.970534325
1763658687.0282006,2824.83,0.418,buy,2025-11-20 17:11:27.028200626
1763658687.0282006,2824.85,0.00154951,buy,2025-11-20 17:11:27.028200626
1763658687.0282006,2825.0,0.46603947,buy,2025-11-20 17:11:27.028200626
1763658690.1187444,2822.66,0.24620645,buy,2025-11-20 17:11:30.118744373
1763658692.3115427,2821.5,0.02096045,sell,2025-11-20 17:11:32.311542749
1763658692.6545014,2822.13,0.7256,buy,2025-11-20 17:11:32.654501438
1763658692.6545014,2822.44,0.16008938,buy,2025-11-20 17:11:32.654501438
1763658693.0915406,2821.05,0.08730984,buy,2025-11-20 17:11:33.091540575
1763658693.6870718,2821.0,0.37244783,sell,2025-11-20 17:11:33.687071800
1763658693.718171,2822.12,0.88568938,buy,2025-11-20 17:11:33.718170881
1763658694.1198728,2822.12,0.00403723,buy,2025-11-20 17:11:34.119872808
1763658694.5525389,2821.97,0.7256,buy,2025-11-20 17:11:34.552538872
1763658694.5525389,2821.98,0.16059485,buy,2025-11-20 17:11:34.552538872
1763658695.438594,2821.8,0.01417912,buy,2025-11-20 17:11:35.438594103
1763658695.4443324,2821.5,3.54,sell,2025-11-20 17:11:35.444332361
1763658695.5788817,2821.51,0.88619485,buy,2025-11-20 17:11:35.578881741
1763658695.6669033,2821.5,0.00557504,sell,2025-11-20 17:11:35.666903257
1763658695.6669033,2821.0,0.09225141,sell,2025-11-20 17:11:35.666903257
1763658697.946083,2821.01,0.88621056,buy,2025-11-20 17:11:37.946083069
1763658698.2522125,2821.0,0.03530076,sell,2025-11-20 17:11:38.252212524
1763658698.2522125,2821.0,0.07089684,sell,2025-11-20 17:11:38.252212524
1763658698.2522125,2821.0,0.1738024,sell,2025-11-20 17:11:38.252212524
1763658698.7785141,2821.0,0.00343972,sell,2025-11-20 17:11:38.778514147
1763658698.7785141,2820.97,0.00101883,sell,2025-11-20 17:11:38.778514147
1763658698.7785141,2820.75,0.02893333,sell,2025-11-20 17:11:38.778514147
1763658698.7785141,2820.74,0.01605465,sell,2025-11-20 17:11:38.778514147
1763658698.7785141,2820.73,0.04055347,sell,2025-11-20 17:11:38.778514147
1763658698.7787452,2820.73,0.00944653,sell,2025-11-20 17:11:38.778745174
1763658698.7787452,2820.4,0.03245353,sell,2025-11-20 17:11:38.778745174
1763658698.7787452,2820.05,0.058005,sell,2025-11-20 17:11:38.778745174
1763658698.7787452,2820.0,0.0167,sell,2025-11-20 17:11:38.778745174
1763658698.7787452,2820.0,0.4,sell,2025-11-20 17:11:38.778745174
1763658698.7787452,2820.0,0.13339494,sell,2025-11-20 17:11:38.778745174
1763658699.0154996,2820.0,0.39851996,sell,2025-11-20 17:11:39.015499592
1763658699.0154996,2820.0,3.5,sell,2025-11-20 17:11:39.015499592
1763658699.0154996,2820.0,1.18078723,sell,2025-11-20 17:11:39.015499592
1763658699.0154996,2820.0,0.17730496,sell,2025-11-20 17:11:39.015499592
1763658699.0154996,2820.0,0.01712328,sell,2025-11-20 17:11:39.015499592
1763658699.0154996,2820.0,3.0,sell,2025-11-20 17:11:39.015499592
1763658699.0154996,2820.0,0.00387617,sell,2025-11-20 17:11:39.015499592
1763658699.0154998,2820.0,0.25,sell,2025-11-20 17:11:39.015499830
1763658699.0154998,2820.0,10.0,sell,2025-11-20 17:11:39.015499830
1763658699.0154998,2820.0,0.3,sell,2025-11-20 17:11:39.015499830
1763658699.0154998,2820.0,0.0223884,sell,2025-11-20 17:11:39.015499830
1763658699.0214598,2820.0,0.00655262,sell,2025-11-20 17:11:39.021459818
1763658699.0223787,2820.01,0.88621056,buy,2025-11-20 17:11:39.022378683
1763658699.6670494,2819.0,0.00148108,sell,2025-11-20 17:11:39.667049408
1763658699.895729,2819.36,0.06,buy,2025-11-20 17:11:39.895729065
1763658699.895729,2819.36,0.82621056,buy,2025-11-20 17:11:39.895729065
1763658700.0426974,2819.05,0.00714285,sell,2025-11-20 17:11:40.042697430
1763658700.2650137,2819.36,0.01048136,buy,2025-11-20 17:11:40.265013695
1763658700.5557113,2819.36,0.00166506,buy,2025-11-20 17:11:40.555711269
1763658701.4560497,2819.01,0.02895119,sell,2025-11-20 17:11:41.456049681
1763658701.4560497,2819.0,0.10493963,sell,2025-11-20 17:11:41.456049681
1763658701.4560497,2818.99,0.19610918,sell,2025-11-20 17:11:41.456049681
1763658701.6455054,2819.0,0.88652482,buy,2025-11-20 17:11:41.645505428
1763658701.7670166,2819.0,0.01672811,buy,2025-11-20 17:11:41.767016649
1763658701.7772293,2818.99,0.00438582,sell,2025-11-20 17:11:41.777229309
1763658701.823328,2818.21,0.07021212,sell,2025-11-20 17:11:41.823328018
1763658701.823328,2818.21,0.06978788,sell,2025-11-20 17:11:41.823328018
1763658702.1404192,2818.21,0.00042424,sell,2025-11-20 17:11:42.140419245
1763658702.1404195,2818.16,0.04957576,sell,2025-11-20 17:11:42.140419483
1763658702.2116756,2818.17,0.03354707,buy,2025-11-20 17:11:42.211675644
1763658702.368782,2818.16,0.00134296,sell,2025-11-20 17:11:42.368782043
1763658702.368782,2818.16,0.02895992,sell,2025-11-20 17:11:42.368782043
1763658702.3962657,2817.91,0.12604539,buy,2025-11-20 17:11:42.396265745
1763658702.4041784,2817.91,0.09708312,buy,2025-11-20 17:11:42.404178381
1763658702.6191113,2817.9,0.003015,sell,2025-11-20 17:11:42.619111300
1763658702.6191113,2817.49,0.01472361,sell,2025-11-20 17:11:42.619111300
1763658702.6191113,2817.49,0.07125878,sell,2025-11-20 17:11:42.619111300
1763658702.6191113,2817.38,0.00102013,sell,2025-11-20 17:11:42.619111300
1763658702.6191113,2817.0,0.1,sell,2025-11-20 17:11:42.619111300
1763658702.6191113,2817.0,0.8162,sell,2025-11-20 17:11:42.619111300
1763658702.6191113,2816.93,0.00969082,sell,2025-11-20 17:11:42.619111300
1763658702.6191115,2816.11,0.028981,sell,2025-11-20 17:11:42.619111538
1763658702.6191115,2816.09,0.33253563,sell,2025-11-20 17:11:42.619111538
1763658702.6191115,2816.09,0.001,sell,2025-11-20 17:11:42.619111538
1763658702.6191115,2816.0,0.62157503,sell,2025-11-20 17:11:42.619111538
1763658702.672321,2816.01,0.02898206,sell,2025-11-20 17:11:42.672321081
1763658702.672321,2816.0,0.37842497,sell,2025-11-20 17:11:42.672321081
1763658702.672321,2816.0,0.03586648,sell,2025-11-20 17:11:42.672321081
1763658702.672321,2815.8,0.1,sell,2025-11-20 17:11:42.672321081
1763658702.672321,2815.5,0.10655301,sell,2025-11-20 17:11:42.672321081
1763658702.672321,2815.26,0.03371445,sell,2025-11-20 17:11:42.672321081
1763658702.672321,2815.26,0.03371445,sell,2025-11-20 17:11:42.672321081
1763658702.672321,2815.25,0.008,sell,2025-11-20 17:11:42.672321081
1763658702.672321,2815.24,0.27474458,sell,2025-11-20 17:11:42.672321081
1763658702.6736119,2815.24,0.01324716,sell,2025-11-20 17:11:42.673611879
1763658702.6736119,2815.24,9.348655,sell,2025-11-20 17:11:42.673611879
1763658702.6736119,2815.24,0.63809784,sell,2025-11-20 17:11:42.673611879
1763658702.865843,2816.08,0.65382093,sell,2025-11-20 17:11:42.865843058
1763658703.092426,2816.08,0.05622898,sell,2025-11-20 17:11:43.092426062
1763658703.092426,2815.32,0.23806445,sell,2025-11-20 17:11:43.092426062
1763658703.092426,2815.32,0.20570657,sell,2025-11-20 17:11:43.092426062
1763658703.092426,2815.32,0.5,sell,2025-11-20 17:11:43.092426062
1763658703.092426,2815.32,0.17722898,sell,2025-11-20 17:11:43.092426062
1763658703.092426,2815.31,0.32277102,sell,2025-11-20 17:11:43.092426062
1763658704.2196772,2817.44,0.00349755,buy,2025-11-20 17:11:44.219677210
1763658704.2446947,2817.44,2.18203389,buy,2025-11-20 17:11:44.244694710
1763658704.2446947,2817.51,0.33955577,buy,2025-11-20 17:11:44.244694710
1763658704.2446947,2817.71,0.31,buy,2025-11-20 17:11:44.244694710
1763658704.2446947,2817.91,0.51944958,buy,2025-11-20 17:11:44.244694710
1763658704.6982524,2817.08,0.0335666,buy,2025-11-20 17:11:44.698252439
1763658705.1209998,2817.07,0.16,sell,2025-11-20 17:11:45.120999813
1763658705.1562073,2817.08,0.88800167,buy,2025-11-20 17:11:45.156207323
1763658705.3542495,2816.95,0.00051147,buy,2025-11-20 17:11:45.354249477
1763658705.5676477,2816.95,0.03494487,buy,2025-11-20 17:11:45.567647696
1763658705.6824462,2815.66,0.02898563,sell,2025-11-20 17:11:45.682446241
1763658705.6824462,2815.0,0.1,sell,2025-11-20 17:11:45.682446241
1763658705.6824465,2815.0,0.29101437,sell,2025-11-20 17:11:45.682446480
1763658705.7798018,2815.01,0.02899233,sell,2025-11-20 17:11:45.779801846
1763658705.7798018,2815.0,0.4194652,sell,2025-11-20 17:11:45.779801846
1763658705.7798018,2815.0,0.08880994,sell,2025-11-20 17:11:45.779801846
1763658705.779802,2815.0,0.02,sell,2025-11-20 17:11:45.779802084
1763658705.779802,2815.0,0.00853906,sell,2025-11-20 17:11:45.779802084
1763658706.1381476,2816.37,0.88800167,buy,2025-11-20 17:11:46.138147593
1763658706.9734943,2815.57,0.7256,buy,2025-11-20 17:11:46.973494291
1763658706.9734943,2815.86,0.16240167,buy,2025-11-20 17:11:46.973494291
1763658707.3909256,2815.05,0.02899191,sell,2025-11-20 17:11:47.390925646
1763658707.3909256,2815.04,0.03547213,sell,2025-11-20 17:11:47.390925646
1763658707.607833,2815.0,0.49146094,sell,2025-11-20 17:11:47.607832909
1763658707.607833,2815.0,2.99853906,sell,2025-11-20 17:11:47.607832909
1763658707.668475,2815.01,0.26803065,buy,2025-11-20 17:11:47.668474913
1763658708.0249655,2815.01,0.45756935,buy,2025-11-20 17:11:48.024965525
1763658708.0249655,2815.01,0.4300981,buy,2025-11-20 17:11:48.024965525
1763658708.4146976,2815.01,0.01049966,buy,2025-11-20 17:11:48.414697647
1763658708.421752,2815.01,0.00874972,buy,2025-11-20 17:11:48.421751976
1763658709.3747468,2815.0,0.00146094,sell,2025-11-20 17:11:49.374746799
1763658709.3747468,2814.67,0.0289803,sell,2025-11-20 17:11:49.374746799
1763658709.3747468,2814.33,0.03048828,sell,2025-11-20 17:11:49.374746799
1763658709.525664,2815.01,0.16715865,buy,2025-11-20 17:11:49.525664091
1763658709.6682966,2814.34,0.02899923,sell,2025-11-20 17:11:49.668296576
1763658709.6682966,2814.33,0.02369572,sell,2025-11-20 17:11:49.668296576
1763658709.6682966,2814.01,0.00473121,sell,2025-11-20 17:11:49.668296576
1763658709.6682966,2814.0,0.64026692,sell,2025-11-20 17:11:49.668296576
1763658710.1416628,2814.29,0.7256,buy,2025-11-20 17:11:50.141662836
1763658710.1416628,2814.31,0.16249631,buy,2025-11-20 17:11:50.141662836
1763658710.5090156,2814.31,0.01776634,buy,2025-11-20 17:11:50.509015560
1763658710.5467632,2814.01,0.02900263,sell,2025-11-20 17:11:50.546763182
1763658710.5467632,2814.0,0.35973308,sell,2025-11-20 17:11:50.546763182
1763658710.5467632,2813.79,0.0014253,sell,2025-11-20 17:11:50.546763182
1763658710.5467632,2813.58,0.20414802,sell,2025-11-20 17:11:50.546763182
1763658710.5467632,2813.41,0.371344,sell,2025-11-20 17:11:50.546763182
1763658710.5467632,2813.06,0.00232184,sell,2025-11-20 17:11:50.546763182
1763658710.5467632,2813.06,0.00232184,sell,2025-11-20 17:11:50.546763182
1763658710.5467634,2812.76,0.048,sell,2025-11-20 17:11:50.546763420
1763658710.5467634,2812.59,0.98170329,sell,2025-11-20 17:11:50.546763420
1763658711.2098026,2814.03,0.14,buy,2025-11-20 17:11:51.209802628
1763658711.2098026,2814.29,0.74831089,buy,2025-11-20 17:11:51.209802628
1763658712.7593,2814.03,0.875547,buy,2025-11-20 17:11:52.759299994
1763658712.7593,2815.62,0.01276389,buy,2025-11-20 17:11:52.759299994
1763658713.1896014,2814.31,0.5,sell,2025-11-20 17:11:53.189601421
1763658713.1896014,2814.31,0.2256,sell,2025-11-20 17:11:53.189601421
1763658713.1896014,2814.3,0.2744,sell,2025-11-20 17:11:53.189601421
1763658713.4166312,2815.96,0.033,buy,2025-11-20 17:11:53.416631222
1763658713.4166312,2816.02,0.0182139,buy,2025-11-20 17:11:53.416631222
1763658714.370107,2815.15,0.01749943,buy,2025-11-20 17:11:54.370106936
1763658714.6601546,2813.69,0.71686731,buy,2025-11-20 17:11:54.660154581
1763658714.668895,2813.69,0.71686837,buy,2025-11-20 17:11:54.668895006
1763658714.7874768,2813.7,0.00699977,buy,2025-11-20 17:11:54.787476778
1763658715.0677774,2813.69,0.01848107,buy,2025-11-20 17:11:55.067777395
1763658715.4083154,2813.69,0.24866697,buy,2025-11-20 17:11:55.408315420
1763658716.778229,2813.24,0.06381724,sell,2025-11-20 17:11:56.778228998
1763658716.9315884,2813.27,0.02900431,buy,2025-11-20 17:11:56.931588411
1763658716.931809,2813.27,0.45639014,buy,2025-11-20 17:11:56.931808949
1763658716.9320507,2813.27,0.03909951,buy,2025-11-20 17:11:56.932050705
1763658716.936632,2813.27,0.52449394,buy,2025-11-20 17:11:56.936631918
1763658716.9374104,2813.27,0.45588827,buy,2025-11-20 17:11:56.937410355
1763658717.0673614,2813.27,0.124,buy,2025-11-20 17:11:57.067361355
1763658719.1865475,2815.64,0.00860035,buy,2025-11-20 17:11:59.186547518
1763658719.8236916,2815.64,0.08886455,buy,2025-11-20 17:11:59.823691607
1763658720.376534,2815.37,0.0003464,buy,2025-11-20 17:12:00.376533985
1763658720.7519972,2816.75,0.08886455,buy,2025-11-20 17:12:00.751997232
1763658721.3984396,2817.05,0.08878976,buy,2025-11-20 17:12:01.398439646
1763658721.4548955,2817.05,0.07145146,buy,2025-11-20 17:12:01.454895496
1763658721.9319973,2816.12,0.01189681,buy,2025-11-20 17:12:01.931997299
1763658722.2989023,2815.97,0.08878976,buy,2025-11-20 17:12:02.298902273
1763658722.453927,2815.96,0.14,sell,2025-11-20 17:12:02.453927040
1763658722.9968255,2815.97,0.06,buy,2025-11-20 17:12:02.996825457
1763658722.9968255,2815.97,0.02878976,buy,2025-11-20 17:12:02.996825457
1763658723.0464175,2815.96,0.00809109,sell,2025-11-20 17:12:03.046417475
1763658723.0464175,2815.96,0.01021781,sell,2025-11-20 17:12:03.046417475
1763658723.6273463,2817.44,0.08877462,buy,2025-11-20 17:12:03.627346277
1763658724.1874638,2815.45,0.08877462,buy,2025-11-20 17:12:04.187463760
1763658725.0827456,2816.63,0.08877462,buy,2025-11-20 17:12:05.082745552
1763658725.8312128,2815.45,0.08873303,buy,2025-11-20 17:12:05.831212759
1763658726.680986,2815.45,0.08873303,buy,2025-11-20 17:12:06.680985928
1763658727.480005,2815.45,0.08875855,buy,2025-11-20 17:12:07.480005026
1763658728.2997491,2815.45,0.08875855,buy,2025-11-20 17:12:08.299749136
1763658729.0680225,2815.45,0.08879575,buy,2025-11-20 17:12:09.068022490
1763658729.7370384,2815.45,0.08879575,buy,2025-11-20 17:12:09.737038374
1763658730.3615336,2815.45,0.01775915,buy,2025-11-20 17:12:10.361533642
1763658730.7493062,2815.45,0.08879575,buy,2025-11-20 17:12:10.749306202
1763658731.4115345,2814.54,0.08879575,buy,2025-11-20 17:12:11.411534548
1763658734.4441783,2814.54,0.0035178,buy,2025-11-20 17:12:14.444178343
1763658734.4496272,2814.54,0.03500471,buy,2025-11-20 17:12:14.449627161
1763658735.1217868,2814.53,0.02899727,sell,2025-11-20 17:12:15.121786833
1763658735.1217868,2814.51,0.03100273,sell,2025-11-20 17:12:15.121786833
1763658735.1713035,2814.51,0.00447795,sell,2025-11-20 17:12:15.171303511
1763658735.1713035,2813.94,0.59552205,sell,2025-11-20 17:12:15.171303511
1763658735.171479,2813.94,0.03199344,sell,2025-11-20 17:12:15.171478987
1763658738.1098406,2813.99,0.00038231,buy,2025-11-20 17:12:18.109840631
1763658740.6722925,2812.85,0.06968642,sell,2025-11-20 17:12:20.672292471
1763658743.7570941,2812.79,1.0,buy,2025-11-20 17:12:23.757094145
1763658745.9854484,2812.68,0.31733122,buy,2025-11-20 17:12:25.985448360
1763658746.233208,2812.67,1.0,sell,2025-11-20 17:12:26.233207941
1763658746.7135575,2812.68,0.07041675,buy,2025-11-20 17:12:26.713557482
1763658747.2506168,2812.38,0.034,buy,2025-11-20 17:12:27.250616789
1763658747.2506168,2812.42,0.07267018,buy,2025-11-20 17:12:27.250616789
1763658749.7358654,2813.22,0.31733122,buy,2025-11-20 17:12:29.735865355
1763658751.7889562,2813.22,0.03040644,buy,2025-11-20 17:12:31.788956165
