time,price,volume,side,datetime
1763657372.3800511,2475.0,0.1,sell,2025-11-20 16:49:32.380051136
1763657372.3800511,2475.0,0.01010102,sell,2025-11-20 16:49:32.380051136
1763657372.3800511,2475.0,0.04040405,sell,2025-11-20 16:49:32.380051136
1763657373.310019,2474.56,0.1,buy,2025-11-20 16:49:33.310019016
1763657373.806205,2474.56,0.0039814,buy,2025-11-20 16:49:33.806205034
1763657373.8074126,2474.56,0.0288186,buy,2025-11-20 16:49:33.807412624
1763657373.8074126,2474.56,0.00701401,buy,2025-11-20 16:49:33.807412624
1763657374.5293176,2474.54,1.0,buy,2025-11-20 16:49:34.529317617
1763657376.5616593,2474.53,0.02,sell,2025-11-20 16:49:36.561659336
1763657377.529801,2474.54,0.00950127,buy,2025-11-20 16:49:37.529800892
1763657377.9837837,2474.53,0.01990725,buy,2025-11-20 16:49:37.983783722
1763657387.07352,2476.18,0.29067107,buy,2025-11-20 16:49:47.073519945
1763657389.8179626,2477.61,1.0,sell,2025-11-20 16:49:49.817962646
1763657396.6970897,2475.59,0.2019745,buy,2025-11-20 16:49:56.697089672
1763657404.2214038,2478.03,0.00403546,sell,2025-11-20 16:50:04.221403837
1763657407.376563,2478.09,0.1328,sell,2025-11-20 16:50:07.376563072
1763657407.376563,2478.08,0.01654006,sell,2025-11-20 16:50:07.376563072
1763657407.376563,2478.06,0.7517941,sell,2025-11-20 16:50:07.376563072
1763657407.376563,2478.05,1.37792752,sell,2025-11-20 16:50:07.376563072
1763657411.5488605,2479.96,0.1328,buy,2025-11-20 16:50:11.548860550
1763657411.5488605,2479.99,0.1172,buy,2025-11-20 16:50:11.548860550
1763657412.4079502,2478.19,0.01076699,sell,2025-11-20 16:50:12.407950163
1763657414.765025,2478.0,0.0202,sell,2025-11-20 16:50:14.765024900
1763657414.765025,2476.34,0.0222591,sell,2025-11-20 16:50:14.765024900
1763657417.9489434,2477.74,0.1328,buy,2025-11-20 16:50:17.948943377
1763657417.9489434,2477.76,0.02730705,buy,2025-11-20 16:50:17.948943377
1763657417.9489434,2477.8,0.1328,buy,2025-11-20 16:50:17.948943377
1763657417.9489434,2477.81,0.051,buy,2025-11-20 16:50:17.948943377
1763657417.9489434,2477.97,0.63558232,buy,2025-11-20 16:50:17.948943377
1763657424.1411428,2478.86,2.3329057,sell,2025-11-20 16:50:24.141142845
1763657424.9085898,2479.24,0.039416,buy,2025-11-20 16:50:24.908589840
1763657427.6693523,2479.45,0.03188646,buy,2025-11-20 16:50:27.669352293
1763657427.6693523,2480.28,0.01657069,buy,2025-11-20 16:50:27.669352293
1763657428.5904038,2479.46,0.29,sell,2025-11-20 16:50:28.590403795
1763657428.5904038,2479.46,0.03308013,sell,2025-11-20 16:50:28.590403795
1763657428.5904038,2479.45,2.67691987,sell,2025-11-20 16:50:28.590403795
1763657428.5904038,2479.45,1.0,sell,2025-11-20 16:50:28.590403795
1763657436.0474296,2480.05,0.00039726,buy,2025-11-20 16:50:36.047429562
1763657444.736352,2481.01,0.01558775,buy,2025-11-20 16:50:44.736351967
1763657446.9477103,2482.26,0.05616291,buy,2025-11-20 16:50:46.947710276
1763657459.8053534,2480.01,0.01453514,buy,2025-11-20 16:50:59.805353403
1763657460.457364,2480.0,0.0119758,sell,2025-11-20 16:51:00.457364082
1763657464.7890408,2478.0,0.0403,sell,2025-11-20 16:51:04.789040804
1763657464.80978,2478.0,9.144e-05,sell,2025-11-20 16:51:04.809779882
1763657468.0417273,2477.44,0.00596682,buy,2025-11-20 16:51:08.041727304
1763657471.2812543,2477.18,0.612,buy,2025-11-20 16:51:11.281254292
1763657471.2812543,2477.44,0.52176477,buy,2025-11-20 16:51:11.281254292
1763657471.80223,2477.47,1.46590616,buy,2025-11-20 16:51:11.802229881
1763657474.0055606,2479.18,0.04715095,buy,2025-11-20 16:51:14.005560637
1763657478.4506958,2480.3,0.01394679,buy,2025-11-20 16:51:18.450695753
1763657480.041279,2481.94,0.00793913,buy,2025-11-20 16:51:20.041279078
1763657480.3561876,2483.09,0.03876011,buy,2025-11-20 16:51:20.356187582
1763657481.7754176,2483.15,0.08499438,buy,2025-11-20 16:51:21.775417566
1763657483.336975,2483.16,0.1035,buy,2025-11-20 16:51:23.336975098
1763657484.6974175,2487.04,0.00603201,buy,2025-11-20 16:51:24.697417498
1763657484.8329952,2487.04,0.0195717,buy,2025-11-20 16:51:24.832995176
1763657488.9661953,2486.9,0.00402107,buy,2025-11-20 16:51:28.966195345
1763657491.0426772,2486.17,0.00039824,buy,2025-11-20 16:51:31.042677164
1763657494.051209,2484.34,0.02011538,buy,2025-11-20 16:51:34.051208973
1763657508.9867678,2489.13,0.03268287,buy,2025-11-20 16:51:48.986767769
1763657508.9867678,2489.74,0.02571701,buy,2025-11-20 16:51:48.986767769
1763657515.7531414,2490.4,0.08435445,buy,2025-11-20 16:51:55.753141403
1763657517.6855605,2489.36,0.00414735,buy,2025-11-20 16:51:57.685560465
1763657518.4241328,2490.27,0.00400134,buy,2025-11-20 16:51:58.424132824
1763657523.1207361,2489.8,0.00414702,buy,2025-11-20 16:52:03.120736122
1763657524.1235807,2489.8,0.00399879,buy,2025-11-20 16:52:04.123580694
1763657525.0780191,2489.8,0.02336896,buy,2025-11-20 16:52:05.078019142
1763657525.0780191,2491.15,0.01536901,buy,2025-11-20 16:52:05.078019142
1763657531.8766606,2486.51,0.10051988,buy,2025-11-20 16:52:11.876660585
1763657532.4199913,2487.06,0.07801379,buy,2025-11-20 16:52:12.419991255
1763657538.2510655,2485.1,0.03945081,buy,2025-11-20 16:52:18.251065492
1763657546.0994623,2486.16,0.02006949,buy,2025-11-20 16:52:26.099462271
1763657548.237673,2486.09,0.00927431,buy,2025-11-20 16:52:28.237673044
1763657549.1915424,2486.08,0.02413438,sell,2025-11-20 16:52:29.191542387
1763657549.2279172,2485.09,0.18854786,sell,2025-11-20 16:52:29.227917194
1763657551.8297672,2483.56,0.00631213,sell,2025-11-20 16:52:31.829767227
1763657552.1782534,2484.71,0.035,buy,2025-11-20 16:52:32.178253412
1763657552.1782534,2484.72,0.08573809,buy,2025-11-20 16:52:32.178253412
1763657555.73058,2482.01,0.03991559,sell,2025-11-20 16:52:35.730580091
1763657559.571092,2482.75,0.05570453,sell,2025-11-20 16:52:39.571091890
1763657561.3487008,2484.41,0.04362102,buy,2025-11-20 16:52:41.348700762
1763657561.3487008,2484.42,0.1328,buy,2025-11-20 16:52:41.348700762
1763657561.3487008,2484.43,0.01800872,buy,2025-11-20 16:52:41.348700762
1763657562.7172692,2482.74,0.1328,sell,2025-11-20 16:52:42.717269182
1763657562.7172692,2482.68,0.04725033,sell,2025-11-20 16:52:42.717269182
1763657577.0422616,2480.27,0.00451165,sell,2025-11-20 16:52:57.042261600
1763657583.162863,2480.93,0.00365803,buy,2025-11-20 16:53:03.162863016
1763657591.8982437,2486.6,0.0397968,buy,2025-11-20 16:53:11.898243666
1763657594.0701265,2486.56,0.01919193,buy,2025-11-20 16:53:14.070126534
1763657594.1129448,2486.53,0.00402155,buy,2025-11-20 16:53:14.112944841
1763657594.9318373,2485.72,0.00590753,buy,2025-11-20 16:53:14.931837320
1763657610.410445,2484.36,0.01415696,sell,2025-11-20 16:53:30.410444975
1763657618.3791466,2482.7,0.00314671,sell,2025-11-20 16:53:38.379146576
1763657627.4202669,2482.35,2.0852291,buy,2025-11-20 16:53:47.420266867
1763657632.2545109,2483.11,0.01260009,buy,2025-11-20 16:53:52.254510880
1763657633.356117,2483.32,0.00780324,buy,2025-11-20 16:53:53.356117010
1763657634.8775256,2482.29,0.01,buy,2025-11-20 16:53:54.877525568
1763657636.2679574,2482.77,0.025,buy,2025-11-20 16:53:56.267957449
1763657636.2679574,2482.77,0.1328,buy,2025-11-20 16:53:56.267957449
1763657636.2679574,2482.78,0.492,buy,2025-11-20 16:53:56.267957449
1763657636.2679574,2482.78,0.1328,buy,2025-11-20 16:53:56.267957449
1763657636.2679574,2482.81,1.2174,buy,2025-11-20 16:53:56.267957449
1763657636.825302,2481.66,0.78611115,buy,2025-11-20 16:53:56.825301886
1763657645.3941596,2481.43,0.00041724,sell,2025-11-20 16:54:05.394159555
1763657645.6424918,2482.54,0.01173829,buy,2025-11-20 16:54:05.642491817
1763657652.0703886,2479.51,0.00403305,buy,2025-11-20 16:54:12.070388556
1763657652.6181264,2478.69,0.1158,sell,2025-11-20 16:54:12.618126392
1763657652.6432762,2478.69,7.708e-05,sell,2025-11-20 16:54:12.643276215
1763657652.6459806,2478.59,0.3593,sell,2025-11-20 16:54:12.645980597
1763657652.6468382,2478.59,0.7507,sell,2025-11-20 16:54:12.646838188
1763657652.7488215,2478.17,0.04,sell,2025-11-20 16:54:12.748821497
1763657653.5555954,2476.46,0.01944008,buy,2025-11-20 16:54:13.555595398
1763657656.1186125,2475.76,0.01008492,buy,2025-11-20 16:54:16.118612528
1763657656.2709174,2475.75,0.00805365,buy,2025-11-20 16:54:16.270917416
1763657657.3992553,2474.97,0.39768918,buy,2025-11-20 16:54:17.399255276
1763657678.0950818,2473.68,0.00158438,sell,2025-11-20 16:54:38.095081806
1763657678.0950818,2473.5,0.0080857,sell,2025-11-20 16:54:38.095081806
1763657678.0950818,2473.0,0.0105,sell,2025-11-20 16:54:38.095081806
1763657678.0950818,2473.0,0.00808734,sell,2025-11-20 16:54:38.095081806
1763657678.0950818,2472.35,0.03308013,sell,2025-11-20 16:54:38.095081806
1763657678.0950818,2472.03,0.80165463,sell,2025-11-20 16:54:38.095081806
1763657678.5448432,2472.27,0.1,sell,2025-11-20 16:54:38.544843197
1763657678.5448432,2471.98,0.026,sell,2025-11-20 16:54:38.544843197
1763657678.5448432,2471.95,0.35802898,sell,2025-11-20 16:54:38.544843197
1763657679.8036897,2472.6,0.03984557,buy,2025-11-20 16:54:39.803689718
1763657680.6224132,2472.0,5.26159996,buy,2025-11-20 16:54:40.622413158
1763657680.6224132,2472.59,0.234,buy,2025-11-20 16:54:40.622413158
1763657680.6224132,2472.6,1.28988243,buy,2025-11-20 16:54:40.622413158
1763657680.6224132,2473.06,0.1328,buy,2025-11-20 16:54:40.622413158
1763657680.6224132,2473.07,0.03308013,buy,2025-11-20 16:54:40.622413158
1763657680.6224132,2473.07,0.012,buy,2025-11-20 16:54:40.622413158
1763657680.6224132,2473.37,0.225,buy,2025-11-20 16:54:40.622413158
1763657680.6224132,2473.38,0.1328,buy,2025-11-20 16:54:40.622413158
1763657680.6224132,2473.39,1.67883748,buy,2025-11-20 16:54:40.622413158
1763657680.6224132,2473.39,0.20113276,buy,2025-11-20 16:54:40.622413158
1763657680.6224132,2473.41,0.79886724,buy,2025-11-20 16:54:40.622413158
1763657680.6224132,2473.41,1.0,buy,2025-11-20 16:54:40.622413158
1763657681.3303113,2473.93,0.00757066,buy,2025-11-20 16:54:41.330311298
1763657681.8127828,2473.27,0.01,buy,2025-11-20 16:54:41.812782764
1763657682.0508146,2471.63,0.03508696,sell,2025-11-20 16:54:42.050814629
1763657682.5459797,2471.54,0.03308013,sell,2025-11-20 16:54:42.545979738
1763657682.5459797,2471.44,0.02579864,sell,2025-11-20 16:54:42.545979738
1763657682.5459797,2470.93,0.1594804,sell,2025-11-20 16:54:42.545979738
1763657682.5459797,2470.84,0.13413211,sell,2025-11-20 16:54:42.545979738
1763657682.546371,2470.84,0.01976565,sell,2025-11-20 16:54:42.546370983
1763657682.5465763,2470.84,0.57746404,sell,2025-11-20 16:54:42.546576262
1763657683.8213432,2472.49,0.03308013,buy,2025-11-20 16:54:43.821343184
1763657683.8213432,2472.49,0.12753678,buy,2025-11-20 16:54:43.821343184
1763657683.9921358,2470.75,0.03004849,sell,2025-11-20 16:54:43.992135763
1763657684.0780013,2472.48,0.00058598,buy,2025-11-20 16:54:44.078001261
1763657692.038786,2471.17,0.03919416,buy,2025-11-20 16:54:52.038785934
1763657703.0505593,2471.38,0.141,sell,2025-11-20 16:55:03.050559282
1763657703.0505593,2471.37,0.97862,sell,2025-11-20 16:55:03.050559282
1763657703.374625,2471.36,0.00404634,sell,2025-11-20 16:55:03.374624968
1763657704.164105,2471.66,0.00799695,buy,2025-11-20 16:55:04.164104939
1763657709.8248053,2471.72,0.10241727,sell,2025-11-20 16:55:09.824805260
1763657710.0664952,2472.74,0.00201199,buy,2025-11-20 16:55:10.066495180
1763657711.1743453,2472.29,0.1136223,buy,2025-11-20 16:55:11.174345255
1763657712.4231992,2471.75,0.01015772,buy,2025-11-20 16:55:12.423199177
1763657713.7422981,2471.74,0.00744535,buy,2025-11-20 16:55:13.742298126
1763657717.9542792,2471.9,0.00417399,sell,2025-11-20 16:55:17.954279184
1763657719.942913,2471.82,0.0040456,buy,2025-11-20 16:55:19.942913055
1763657721.3008475,2473.1,0.5,buy,2025-11-20 16:55:21.300847530
1763657723.3096292,2471.73,2.3329057,sell,2025-11-20 16:55:23.309629202
1763657725.5238547,2471.77,0.03234807,buy,2025-11-20 16:55:25.523854732
1763657726.5791948,2471.7,0.01557689,sell,2025-11-20 16:55:26.579194784
1763657729.6714494,2471.75,0.01963908,buy,2025-11-20 16:55:29.671449423
1763657730.3965542,2471.75,0.06205323,buy,2025-11-20 16:55:30.396554232
1763657731.0442462,2471.71,0.00404578,sell,2025-11-20 16:55:31.044246197
1763657731.5557508,2471.73,0.15,buy,2025-11-20 16:55:31.555750847
1763657734.5406778,2471.71,0.01953212,buy,2025-11-20 16:55:34.540677786
1763657735.0971158,2471.7,0.0202,sell,2025-11-20 16:55:35.097115755
1763657735.0971158,2471.38,0.0298,sell,2025-11-20 16:55:35.097115755
1763657737.6468759,2471.21,0.15093185,buy,2025-11-20 16:55:37.646875858
1763657744.4616866,2471.07,0.00791905,buy,2025-11-20 16:55:44.461686611
1763657744.8017468,2471.07,0.02023415,buy,2025-11-20 16:55:44.801746845
1763657748.5690763,2471.01,0.50724393,sell,2025-11-20 16:55:48.569076300
1763657750.0533416,2471.01,0.2105981,buy,2025-11-20 16:55:50.053341627
1763657753.1765893,2471.19,0.20234395,buy,2025-11-20 16:55:53.176589251
1763657760.6044466,2471.01,0.01035459,buy,2025-11-20 16:56:00.604446650
1763657762.7785027,2471.06,0.1,buy,2025-11-20 16:56:02.778502703
1763657771.8149393,2471.0,0.00242007,sell,2025-11-20 16:56:11.814939260
1763657772.0475583,2470.01,0.02003634,buy,2025-11-20 16:56:12.047558308
1763657772.4292207,2470.01,0.20242833,buy,2025-11-20 16:56:12.429220676
1763657772.43589,2470.01,0.03190988,buy,2025-11-20 16:56:12.435889959
1763657772.4364812,2470.01,0.00398874,buy,2025-11-20 16:56:12.436481237
1763657773.0369856,2470.01,0.01585174,buy,2025-11-20 16:56:13.036985636
1763657773.7103536,2470.0,0.04238226,sell,2025-11-20 16:56:13.710353613
1763657774.697712,2470.01,0.38381608,buy,2025-11-20 16:56:14.697711945
1763657774.7024713,2470.01,0.23024976,buy,2025-11-20 16:56:14.702471256
1763657775.1985004,2470.0,0.01761774,sell,2025-11-20 16:56:15.198500395
1763657775.1985004,2470.0,0.01918226,sell,2025-11-20 16:56:15.198500395
1763657775.1994026,2470.0,0.58810519,sell,2025-11-20 16:56:15.199402571
1763657775.1994026,2470.0,0.0405,sell,2025-11-20 16:56:15.199402571
1763657775.1994026,2470.0,0.84519481,sell,2025-11-20 16:56:15.199402571
1763657775.2016602,2470.0,0.08031126,sell,2025-11-20 16:56:15.201660156
1763657775.2016602,2470.0,0.01619433,sell,2025-11-20 16:56:15.201660156
1763657775.2016602,2470.0,0.08097165,sell,2025-11-20 16:56:15.201660156
1763657775.2016602,2470.0,0.04395951,sell,2025-11-20 16:56:15.201660156
1763657775.285832,2469.75,0.0103,sell,2025-11-20 16:56:15.285831928
1763657776.5858843,2469.01,0.99758777,buy,2025-11-20 16:56:16.585884333
1763657776.5863264,2469.0,0.00779687,sell,2025-11-20 16:56:16.586326361
1763657776.5870652,2469.0,0.00221313,sell,2025-11-20 16:56:16.587065220
1763657776.5870652,2469.0,0.2205256,sell,2025-11-20 16:56:16.587065220
1763657778.253475,2469.0,0.02870447,sell,2025-11-20 16:56:18.253474951
1763657786.5335593,2469.01,0.07950935,buy,2025-11-20 16:56:26.533559322
1763657788.0713687,2469.0,0.00390886,sell,2025-11-20 16:56:28.071368694
1763657788.0713687,2469.0,0.01012555,sell,2025-11-20 16:56:28.071368694
1763657788.0713687,2469.0,0.02353378,sell,2025-11-20 16:56:28.071368694
1763657789.6929774,2469.01,0.03786096,buy,2025-11-20 16:56:29.692977428
1763657789.921318,2469.01,0.0497,buy,2025-11-20 16:56:29.921318054
1763657790.1521728,2469.01,6.951e-05,buy,2025-11-20 16:56:30.152172804
1763657790.1521728,2471.24,0.01172155,buy,2025-11-20 16:56:30.152172804
1763657797.621316,2474.01,0.664,buy,2025-11-20 16:56:37.621315956
1763657797.6518679,2475.02,0.0021,buy,2025-11-20 16:56:37.651867867
1763657797.7050238,2475.52,0.18210735,buy,2025-11-20 16:56:37.705023766
1763657803.603406,2475.79,0.1,buy,2025-11-20 16:56:43.603405952
1763657806.776536,2475.79,0.03600694,buy,2025-11-20 16:56:46.776535988
1763657807.1976507,2475.79,0.00201956,buy,2025-11-20 16:56:47.197650671
1763657810.619766,2475.09,0.23183677,buy,2025-11-20 16:56:50.619765997
1763657812.7417252,2473.26,0.11,sell,2025-11-20 16:56:52.741725206
1763657812.7417252,2473.26,2.80390263,sell,2025-11-20 16:56:52.741725206
1763657815.5592208,2471.87,0.1,buy,2025-11-20 16:56:55.559220791
1763657823.8055425,2471.44,0.00808734,buy,2025-11-20 16:57:03.805542469
1763657827.59192,2471.87,0.09715504,buy,2025-11-20 16:57:07.591919899
1763657837.2176812,2472.93,0.088,buy,2025-11-20 16:57:17.217681170
1763657837.2176812,2473.78,0.011,buy,2025-11-20 16:57:17.217681170
1763657837.2176812,2473.85,0.001,buy,2025-11-20 16:57:17.217681170
1763657839.5477767,2472.06,0.0020226,buy,2025-11-20 16:57:19.547776699
1763657843.9480627,2471.87,0.032,buy,2025-11-20 16:57:23.948062658
1763657843.9480627,2471.87,0.04664542,buy,2025-11-20 16:57:23.948062658
1763657847.634187,2473.91,0.50790432,sell,2025-11-20 16:57:27.634186983
1763657848.3926682,2473.92,0.07889196,buy,2025-11-20 16:57:28.392668247
1763657851.6750221,2473.7,0.03799658,buy,2025-11-20 16:57:31.675022125
1763657851.6750221,2473.71,0.34477765,buy,2025-11-20 16:57:31.675022125
1763657854.554382,2472.63,0.076,buy,2025-11-20 16:57:34.554382086
1763657854.554382,2472.64,0.01499617,buy,2025-11-20 16:57:34.554382086
1763657855.1380568,2472.58,0.05,buy,2025-11-20 16:57:35.138056755
1763657857.5095325,2470.23,0.01237779,buy,2025-11-20 16:57:37.509532451
1763657874.3280659,2473.62,0.00017315,sell,2025-11-20 16:57:54.328065872
1763657878.3473454,2473.63,0.03052195,buy,2025-11-20 16:57:58.347345352
1763657878.3473454,2473.97,0.04947805,buy,2025-11-20 16:57:58.347345352
1763657880.5692658,2474.71,0.02254044,buy,2025-11-20 16:58:00.569265842
1763657882.4350448,2474.76,0.03159794,buy,2025-11-20 16:58:02.435044765
1763657885.6130095,2473.12,0.04,sell,2025-11-20 16:58:05.613009453
1763657885.9763935,2472.63,0.62637836,sell,2025-11-20 16:58:05.976393461
1763657892.1862705,2473.39,0.00401039,buy,2025-11-20 16:58:12.186270475
1763657894.7876391,2471.92,0.10184881,sell,2025-11-20 16:58:14.787639141
1763657898.337879,2471.93,0.03985637,buy,2025-11-20 16:58:18.337878942
1763657899.9341075,2471.87,0.00893726,sell,2025-11-20 16:58:19.934107542
1763657914.9667182,2471.91,0.08787875,buy,2025-11-20 16:58:34.966718197
1763657923.3191798,2471.88,0.00196384,buy,2025-11-20 16:58:43.319179773
1763657924.4447045,2471.87,0.0018729,sell,2025-11-20 16:58:44.444704533
1763657944.0044167,2471.96,0.03326299,buy,2025-11-20 16:59:04.004416704
1763657944.6884992,2471.87,0.31283145,sell,2025-11-20 16:59:04.688499212
1763657950.640943,2470.0,0.00242264,sell,2025-11-20 16:59:10.640943050
1763657951.7635922,2470.01,0.01012141,buy,2025-11-20 16:59:11.763592243
1763657952.936361,2470.01,0.0293969,buy,2025-11-20 16:59:12.936361074
1763657955.8101666,2470.0,0.00857736,sell,2025-11-20 16:59:15.810166597
1763657959.6373212,2469.34,16.9829869,buy,2025-11-20 16:59:19.637321234
1763657960.4162092,2470.0,0.0941909,buy,2025-11-20 16:59:20.416209221
1763657962.8309562,2472.35,0.00447309,buy,2025-11-20 16:59:22.830956221
1763657965.1918635,2472.34,0.023,buy,2025-11-20 16:59:25.191863537
1763657965.1918635,2472.34,0.01081212,buy,2025-11-20 16:59:25.191863537
1763657965.6046848,2472.34,0.01,buy,2025-11-20 16:59:25.604684830
1763657965.6046848,2472.35,0.0120231,buy,2025-11-20 16:59:25.604684830
1763657972.5097826,2470.01,0.0048097,buy,2025-11-20 16:59:32.509782553
1763657974.9717774,2470.0,0.31079695,sell,2025-11-20 16:59:34.971777439
1763657975.0134404,2468.87,0.02025219,sell,2025-11-20 16:59:35.013440371
1763657982.0736475,2471.5,0.1009,buy,2025-11-20 16:59:42.073647499
1763657982.0790102,2471.5,7.51e-06,buy,2025-11-20 16:59:42.079010248
1763657987.3068473,2473.69,0.079,buy,2025-11-20 16:59:47.306847334
1763657987.3080108,2473.69,0.2993,buy,2025-11-20 16:59:47.308010817
1763657987.315987,2473.69,0.3217,buy,2025-11-20 16:59:47.315987110
1763657987.3479257,2475.0,0.01808668,buy,2025-11-20 16:59:47.347925663
1763657988.5927334,2475.0,0.4658,buy,2025-11-20 16:59:48.592733383
1763657989.5298014,2475.0,0.7875,buy,2025-11-20 16:59:49.529801368
1763657989.540735,2475.0,0.7875,buy,2025-11-20 16:59:49.540735006
1763657989.5768533,2475.0,0.7875,buy,2025-11-20 16:59:49.576853275
1763657989.5825675,2475.0,0.7875,buy,2025-11-20 16:59:49.582567453
1763657989.7323892,2475.0,4.90770394,buy,2025-11-20 16:59:49.732389212
1763657989.7325318,2475.0,2.31893381,buy,2025-11-20 16:59:49.732531786
1763657989.7326856,2475.0,1.11547557,buy,2025-11-20 16:59:49.732685566
1763657993.8808815,2476.68,0.11443374,sell,2025-11-20 16:59:53.880881548
1763657995.996624,2477.7,0.00403766,buy,2025-11-20 16:59:55.996623993
1763657996.2234995,2477.7,0.0362,buy,2025-11-20 16:59:56.223499537
1763657996.2976453,2477.7,6.234e-05,buy,2025-11-20 16:59:56.297645330
1763658000.1816912,2479.13,0.02384322,buy,2025-11-20 17:00:00.181691170
1763658000.367031,2478.41,0.00039553,buy,2025-11-20 17:00:00.367031097
1763658000.4217165,2478.41,0.00039269,buy,2025-11-20 17:00:00.421716452
1763658001.9287577,2478.25,0.0362,sell,2025-11-20 17:00:01.928757668
1763658001.9293108,2478.25,0.1432,sell,2025-11-20 17:00:01.929310799
1763658002.0544634,2478.25,1.81e-05,sell,2025-11-20 17:00:02.054463387
1763658002.0544634,2477.65,0.0200819,sell,2025-11-20 17:00:02.054463387
1763658002.057515,2477.65,9.018e-05,sell,2025-11-20 17:00:02.057514906
1763658002.4630826,2476.81,0.01972541,buy,2025-11-20 17:00:02.463082552
1763658003.6766446,2477.52,0.07986821,buy,2025-11-20 17:00:03.676644564
1763658007.5858126,2476.95,0.09404062,buy,2025-11-20 17:00:07.585812569
1763658007.846517,2479.33,0.00216774,buy,2025-11-20 17:00:07.846517086
1763658010.1637323,2480.05,0.00245725,buy,2025-11-20 17:00:10.163732290
1763658011.9589572,2479.29,0.00197972,sell,2025-11-20 17:00:11.958957195
1763658014.0929644,2481.66,0.0063,buy,2025-11-20 17:00:14.092964411
1763658014.1174953,2481.66,3.555e-05,buy,2025-11-20 17:00:14.117495298
1763658014.1174953,2483.45,0.00323568,buy,2025-11-20 17:00:14.117495298
1763658015.6626184,2483.91,1.64457952,buy,2025-11-20 17:00:15.662618399
1763658017.1238873,2489.49,0.00804466,buy,2025-11-20 17:00:17.123887300
1763658020.0959337,2487.47,0.1328,sell,2025-11-20 17:00:20.095933676
1763658020.0959337,2487.45,0.02458472,sell,2025-11-20 17:00:20.095933676
1763658024.6196578,2485.77,0.00494427,sell,2025-11-20 17:00:24.619657755
1763658026.2497578,2484.91,0.00402289,buy,2025-11-20 17:00:26.249757767
1763658028.049291,2486.8,0.00792361,buy,2025-11-20 17:00:28.049290895
1763658029.7737064,2484.11,0.04588769,sell,2025-11-20 17:00:29.773706436
1763658029.8008137,2484.83,0.28659021,buy,2025-11-20 17:00:29.800813675
1763658039.5877082,2483.22,0.71165165,buy,2025-11-20 17:00:39.587708235
1763658040.6269584,2481.88,0.03718689,sell,2025-11-20 17:00:40.626958370
1763658043.1362624,2482.75,0.1328,buy,2025-11-20 17:00:43.136262417
1763658043.1362624,2482.99,0.005,buy,2025-11-20 17:00:43.136262417
1763658043.1362624,2483.1,0.8622,buy,2025-11-20 17:00:43.136262417
1763658047.2867773,2482.76,0.003,sell,2025-11-20 17:00:47.286777258
1763658050.8332975,2480.98,0.13337068,buy,2025-11-20 17:00:50.833297491
1763658057.3539824,2479.28,0.047383,buy,2025-11-20 17:00:57.353982449
1763658057.9415238,2479.27,0.20167226,sell,2025-11-20 17:00:57.941523790
1763658063.5228705,2478.03,0.00804465,buy,2025-11-20 17:01:03.522870540
1763658063.5228708,2478.06,0.04307139,buy,2025-11-20 17:01:03.522870779
1763658063.5228708,2478.71,0.4118846,buy,2025-11-20 17:01:03.522870779
1763658063.5228708,2478.72,0.53699936,buy,2025-11-20 17:01:03.522870779
1763658064.1749382,2478.48,0.01622125,buy,2025-11-20 17:01:04.174938202
1763658066.4153109,2476.49,0.03876425,buy,2025-11-20 17:01:06.415310860
1763658066.4153109,2476.75,0.1328,buy,2025-11-20 17:01:06.415310860
1763658066.4153109,2477.26,0.1328,buy,2025-11-20 17:01:06.415310860
1763658066.4153109,2477.27,1.63540986,buy,2025-11-20 17:01:06.415310860
1763658073.120736,2476.74,1.0,buy,2025-11-20 17:01:13.120735884
1763658074.362288,2476.44,0.12981304,buy,2025-11-20 17:01:14.362287998
1763658081.6640716,2476.39,0.022,buy,2025-11-20 17:01:21.664071560
1763658084.5766318,2474.53,0.00375936,sell,2025-11-20 17:01:24.576631784
1763658084.5766318,2474.21,0.01644862,sell,2025-11-20 17:01:24.576631784
1763658093.201483,2478.03,0.0004666,buy,2025-11-20 17:01:33.201483011
1763658094.834945,2476.74,0.1328,buy,2025-11-20 17:01:34.834944963
1763658094.834945,2476.98,0.10194145,buy,2025-11-20 17:01:34.834944963
1763658094.834945,2476.98,0.1616104,buy,2025-11-20 17:01:34.834944963
1763658095.0479386,2476.55,0.00098951,buy,2025-11-20 17:01:35.047938585
1763658097.468523,2474.84,0.29244642,sell,2025-11-20 17:01:37.468523026
1763658105.6184657,2474.58,0.00062878,sell,2025-11-20 17:01:45.618465662
1763658111.642016,2474.89,0.2857,buy,2025-11-20 17:01:51.642015934
1763658118.2105818,2479.42,0.00390105,buy,2025-11-20 17:01:58.210581779
1763658126.1899226,2473.45,0.00372965,buy,2025-11-20 17:02:06.189922571
1763658128.7764301,2473.44,0.00238975,sell,2025-11-20 17:02:08.776430130
1763658131.6481094,2473.45,0.02021468,buy,2025-11-20 17:02:11.648109436
1763658132.2129948,2473.44,0.10761025,sell,2025-11-20 17:02:12.212994814
1763658132.2664487,2473.21,0.04043329,sell,2025-11-20 17:02:12.266448736
1763658133.2571666,2472.59,0.01567866,buy,2025-11-20 17:02:13.257166624
1763658134.1951535,2470.76,0.24,sell,2025-11-20 17:02:14.195153475
1763658134.1951535,2470.73,0.2929329,sell,2025-11-20 17:02:14.195153475
1763658135.8710523,2469.6,0.0994984,buy,2025-11-20 17:02:15.871052265
1763658138.9030912,2469.26,0.02024898,buy,2025-11-20 17:02:18.903091192
1763658139.832085,2468.54,0.01590793,buy,2025-11-20 17:02:19.832084894
1763658146.9879203,2468.05,0.00798381,buy,2025-11-20 17:02:26.987920284
1763658146.9895303,2468.0,0.00810372,sell,2025-11-20 17:02:26.989530325
1763658146.9895303,2467.7,0.01215708,sell,2025-11-20 17:02:26.989530325
1763658153.2010896,2467.66,0.00636365,sell,2025-11-20 17:02:33.201089621
1763658163.8994064,2467.5,0.00810536,sell,2025-11-20 17:02:43.899406433
1763658163.8994064,2467.31,0.25331158,sell,2025-11-20 17:02:43.899406433
1763658163.8994064,2467.13,0.001,sell,2025-11-20 17:02:43.899406433
1763658163.8994064,2467.07,0.02,sell,2025-11-20 17:02:43.899406433
1763658163.8994064,2466.93,4.05331874,sell,2025-11-20 17:02:43.899406433
1763658164.9121647,2466.76,0.12161702,buy,2025-11-20 17:02:44.912164688
1763658164.9127765,2466.76,0.01198197,buy,2025-11-20 17:02:44.912776470
1763658165.0941575,2466.76,2.63011379,buy,2025-11-20 17:02:45.094157457
1763658165.1296532,2466.75,0.01096956,sell,2025-11-20 17:02:45.129653214
1763658167.111823,2466.21,0.00287443,sell,2025-11-20 17:02:47.111823082
1763658167.111823,2466.0,0.04050284,sell,2025-11-20 17:02:47.111823082
1763658167.9145977,2465.81,0.03267328,buy,2025-11-20 17:02:47.914597750
1763658169.028599,2465.81,0.52791892,buy,2025-11-20 17:02:49.028599024
1763658169.9241788,2465.81,0.10567156,buy,2025-11-20 17:02:49.924178839
1763658174.0618672,2465.93,0.02112206,buy,2025-11-20 17:02:54.061867237
1763658174.316707,2465.99,0.01177554,buy,2025-11-20 17:02:54.316706896
1763658178.70344,2465.81,0.00529206,buy,2025-11-20 17:02:58.703439951
1763658179.2197766,2465.81,0.04999799,buy,2025-11-20 17:02:59.219776630
1763658182.2778177,2466.53,0.02772314,buy,2025-11-20 17:03:02.277817726
1763658187.096748,2466.53,0.157,buy,2025-11-20 17:03:07.096748114
1763658187.0972774,2466.53,0.1061,buy,2025-11-20 17:03:07.097277403
1763658187.1108806,2466.53,2.819e-05,buy,2025-11-20 17:03:07.110880613
1763658187.293004,2468.77,0.05197686,sell,2025-11-20 17:03:07.293004036
1763658188.3514264,2468.83,0.01735631,buy,2025-11-20 17:03:08.351426363
1763658189.113929,2468.82,0.29085133,buy,2025-11-20 17:03:09.113929033
1763658193.8039124,2470.73,0.00865,buy,2025-11-20 17:03:13.803912401
1763658194.7417285,2470.77,0.0078811,buy,2025-11-20 17:03:14.741728544
1763658198.456593,2473.19,0.0124065,buy,2025-11-20 17:03:18.456593037
1763658199.5678003,2473.2,0.02021672,buy,2025-11-20 17:03:19.567800283
1763658203.6760259,2473.82,0.42499703,buy,2025-11-20 17:03:23.676025867
1763658204.2275646,2474.73,0.00612957,buy,2025-11-20 17:03:24.227564573
1763658204.2275646,2474.73,0.00760444,buy,2025-11-20 17:03:24.227564573
1763658204.260729,2473.55,0.0040014,buy,2025-11-20 17:03:24.260729074
1763658205.094209,2472.19,0.52296179,sell,2025-11-20 17:03:25.094208956
1763658208.0726092,2470.99,0.17008501,sell,2025-11-20 17:03:28.072609186
1763658212.0385735,2469.79,0.99238413,buy,2025-11-20 17:03:32.038573503
1763658212.9970279,2469.78,0.4048,sell,2025-11-20 17:03:32.997027874
1763658213.0749788,2469.78,9.436e-05,sell,2025-11-20 17:03:33.074978828
1763658213.3227065,2466.94,0.2,sell,2025-11-20 17:03:33.322706461
1763658215.268141,2469.65,0.73627028,buy,2025-11-20 17:03:35.268141030
1763658215.268141,2469.67,0.07356048,buy,2025-11-20 17:03:35.268141030
1763658216.2214923,2467.83,0.02026071,sell,2025-11-20 17:03:36.221492290
1763658220.7794359,2466.97,0.01011003,buy,2025-11-20 17:03:40.779435873
1763658222.651275,2466.89,0.14149755,sell,2025-11-20 17:03:42.651274920
1763658224.978931,2465.81,0.11993831,buy,2025-11-20 17:03:44.978930950
1763658228.3721464,2465.81,0.0658227,buy,2025-11-20 17:03:48.372146368
1763658229.2200549,2465.81,0.01245568,buy,2025-11-20 17:03:49.220054865
1763658229.4529495,2465.88,0.004,buy,2025-11-20 17:03:49.452949524
1763658231.029858,2465.81,0.19632356,buy,2025-11-20 17:03:51.029858112
1763658249.1770897,2465.81,0.11649936,buy,2025-11-20 17:04:09.177089691
1763658249.6351101,2465.81,0.00393734,buy,2025-11-20 17:04:09.635110140
1763658254.8552735,2465.8,0.0059,sell,2025-11-20 17:04:14.855273485
1763658254.9961667,2465.8,6.758e-05,sell,2025-11-20 17:04:14.996166706
1763658254.9961667,2465.46,0.00405603,sell,2025-11-20 17:04:14.996166706
1763658255.0529366,2465.0,0.04046653,sell,2025-11-20 17:04:15.052936554
1763658255.0529366,2465.0,0.20283975,sell,2025-11-20 17:04:15.052936554
1763658255.1734643,2464.23,0.01956453,buy,2025-11-20 17:04:15.173464298
1763658255.7885633,2463.87,0.24999799,buy,2025-11-20 17:04:15.788563251
1763658256.2779276,2463.87,0.03998676,buy,2025-11-20 17:04:16.277927637
1763658256.2799706,2463.87,0.04058656,buy,2025-11-20 17:04:16.279970646
1763658256.2804215,2463.87,0.07997351,buy,2025-11-20 17:04:16.280421495
1763658257.4139643,2464.18,0.01749619,buy,2025-11-20 17:04:17.413964272
1763658258.0082245,2463.93,0.1328,sell,2025-11-20 17:04:18.008224487
1763658258.0082245,2463.92,0.006,sell,2025-11-20 17:04:18.008224487
1763658258.0082245,2463.9,0.579,sell,2025-11-20 17:04:18.008224487
1763658258.0082245,2463.88,23.212,sell,2025-11-20 17:04:18.008224487
1763658258.0082245,2463.87,0.01281942,sell,2025-11-20 17:04:18.008224487
1763658258.0082245,2463.86,0.01232355,sell,2025-11-20 17:04:18.008224487
1763658258.0082245,2463.84,0.01759449,sell,2025-11-20 17:04:18.008224487
1763658258.0082245,2463.7,0.1328,sell,2025-11-20 17:04:18.008224487
1763658258.0082245,2463.48,4.60112273,sell,2025-11-20 17:04:18.008224487
1763658259.3204482,2464.13,0.01126867,buy,2025-11-20 17:04:19.320448160
1763658262.8655653,2468.67,2.484018,sell,2025-11-20 17:04:22.865565300
1763658269.4635708,2468.3,0.235,buy,2025-11-20 17:04:29.463570833
1763658269.4635708,2469.04,0.03308013,buy,2025-11-20 17:04:29.463570833
1763658269.4635708,2469.07,0.908984,buy,2025-11-20 17:04:29.463570833
1763658269.4635708,2469.8,0.1328,buy,2025-11-20 17:04:29.463570833
1763658269.4635708,2469.94,0.40004785,buy,2025-11-20 17:04:29.463570833
1763658269.4635708,2469.95,4.52204221,buy,2025-11-20 17:04:29.463570833
1763658276.5397768,2468.39,0.37543255,buy,2025-11-20 17:04:36.539776802
1763658282.6220093,2465.89,0.00247116,sell,2025-11-20 17:04:42.622009277
1763658293.3009906,2467.75,0.07883049,sell,2025-11-20 17:04:53.300990582
1763658295.0353866,2465.63,0.00039762,buy,2025-11-20 17:04:55.035386562
1763658310.4059908,2463.09,0.29384152,sell,2025-11-20 17:05:10.405990839
1763658310.683885,2462.5,0.08121828,sell,2025-11-20 17:05:10.683885098
1763658310.6839962,2462.0,0.00209743,sell,2025-11-20 17:05:10.683996201
1763658311.156646,2462.0,0.24160687,sell,2025-11-20 17:05:11.156646013
1763658311.1566463,2462.0,0.03964256,sell,2025-11-20 17:05:11.156646252
1763658311.1566463,2462.0,2.0,sell,2025-11-20 17:05:11.156646252
1763658311.4038415,2461.47,0.00406261,sell,2025-11-20 17:05:11.403841496
1763658311.5293117,2461.22,0.001,sell,2025-11-20 17:05:11.529311657
1763658311.5293117,2461.0,0.65,sell,2025-11-20 17:05:11.529311657
1763658311.6343446,2460.76,0.04,sell,2025-11-20 17:05:11.634344578
1763658311.729366,2460.41,0.08008598,buy,2025-11-20 17:05:11.729366064
1763658311.7306623,2460.41,0.08008598,buy,2025-11-20 17:05:11.730662346
1763658311.7317584,2460.41,0.02032182,buy,2025-11-20 17:05:11.731758356
1763658311.731949,2460.41,0.00406436,buy,2025-11-20 17:05:11.731949091
1763658311.733985,2460.41,0.60064482,buy,2025-11-20 17:05:11.733984947
1763658312.8103693,2460.4,0.02059421,sell,2025-11-20 17:05:12.810369253
1763658313.1164804,2460.0,0.01,sell,2025-11-20 17:05:13.116480350
1763658313.1164804,2460.0,1.0,sell,2025-11-20 17:05:13.116480350
1763658313.1164804,2460.0,0.00406504,sell,2025-11-20 17:05:13.116480350
1763658313.1164804,2460.0,0.0609756,sell,2025-11-20 17:05:13.116480350
1763658313.1164804,2460.0,0.29,sell,2025-11-20 17:05:13.116480350
1763658313.1164804,2460.0,1.0,sell,2025-11-20 17:05:13.116480350
1763658313.1164804,2460.0,1.59981,sell,2025-11-20 17:05:13.116480350
1763658313.1164804,2460.0,0.3304878,sell,2025-11-20 17:05:13.116480350
1763658313.1164804,2460.0,0.10199594,sell,2025-11-20 17:05:13.116480350
1763658313.1164804,2460.0,0.06186991,sell,2025-11-20 17:05:13.116480350
1763658313.116959,2459.7,0.00235394,sell,2025-11-20 17:05:13.116959095
1763658313.116959,2459.48,0.05743143,sell,2025-11-20 17:05:13.116959095
1763658313.1231089,2459.48,0.055147,sell,2025-11-20 17:05:13.123108864
1763658313.1231089,2459.29,0.08477126,sell,2025-11-20 17:05:13.123108864
1763658313.1231089,2458.38,0.0100001,sell,2025-11-20 17:05:13.123108864
1763658313.1231089,2458.11,0.001,sell,2025-11-20 17:05:13.123108864
1763658313.1231089,2458.05,0.25670757,sell,2025-11-20 17:05:13.123108864
1763658313.1231089,2458.0,0.006,sell,2025-11-20 17:05:13.123108864
1763658313.1231089,2457.61,0.1328,sell,2025-11-20 17:05:13.123108864
1763658313.1231089,2457.36,0.1328,sell,2025-11-20 17:05:13.123108864
1763658313.123109,2457.11,0.1328,sell,2025-11-20 17:05:13.123109102
1763658313.123109,2457.01,0.03308013,sell,2025-11-20 17:05:13.123109102
1763658313.123109,2457.0,0.0319488,sell,2025-11-20 17:05:13.123109102
1763658313.123109,2457.0,1.0,sell,2025-11-20 17:05:13.123109102
1763658313.123109,2456.88,1.8,sell,2025-11-20 17:05:13.123109102
1763658313.123109,2456.86,0.1328,sell,2025-11-20 17:05:13.123109102
1763658313.123109,2456.72,0.60271916,sell,2025-11-20 17:05:13.123109102
1763658313.1236424,2456.72,0.06047099,sell,2025-11-20 17:05:13.123642445
1763658313.1237757,2456.72,0.00691092,sell,2025-11-20 17:05:13.123775721
1763658313.1239214,2460.0,0.09345782,buy,2025-11-20 17:05:13.123921394
1763658313.1436162,2459.81,1.0,buy,2025-11-20 17:05:13.143616199
1763658313.1441844,2459.81,0.02803465,buy,2025-11-20 17:05:13.144184351
1763658313.173363,2459.84,0.07994185,buy,2025-11-20 17:05:13.173362970
1763658313.2642486,2459.84,0.01916858,buy,2025-11-20 17:05:13.264248610
1763658313.5757802,2459.81,0.00760817,buy,2025-11-20 17:05:13.575780153
1763658313.7395456,2459.84,0.01916858,buy,2025-11-20 17:05:13.739545584
1763658315.9426959,2457.83,0.00200283,buy,2025-11-20 17:05:15.942695856
1763658316.8520765,2456.51,0.005204,sell,2025-11-20 17:05:16.852076530
1763658317.3316183,2458.74,0.16470315,buy,2025-11-20 17:05:17.331618309
1763658317.3334055,2458.74,0.03052093,buy,2025-11-20 17:05:17.333405495
1763658317.3353424,2458.74,0.01017364,buy,2025-11-20 17:05:17.335342407
1763658317.3429239,2458.74,0.04069458,buy,2025-11-20 17:05:17.342923880
1763658317.609667,2456.96,0.0040653,sell,2025-11-20 17:05:17.609667063
1763658319.6011722,2458.73,0.03906679,buy,2025-11-20 17:05:19.601172209
1763658319.6501343,2457.99,0.00982759,buy,2025-11-20 17:05:19.650134325
1763658321.4125402,2456.9,0.004,sell,2025-11-20 17:05:21.412540197
1763658321.65295,2457.7,0.036662,buy,2025-11-20 17:05:21.652950048
1763658324.053408,2458.24,0.0636828,sell,2025-11-20 17:05:24.053407907
1763658330.6014817,2460.28,1.2402884,sell,2025-11-20 17:05:30.601481676
1763658331.7914183,2459.01,0.01726446,buy,2025-11-20 17:05:31.791418314
1763658332.1056101,2459.0,0.04,sell,2025-11-20 17:05:32.105610132
1763658332.1056101,2457.29,0.117,sell,2025-11-20 17:05:32.105610132
1763658332.1056101,2457.28,1.65454371,sell,2025-11-20 17:05:32.105610132
1763658332.648712,2456.77,0.02595269,sell,2025-11-20 17:05:32.648711920
1763658332.6487122,2456.77,1.492,sell,2025-11-20 17:05:32.648712158
1763658332.6487122,2456.76,3.48204731,sell,2025-11-20 17:05:32.648712158
1763658334.7640378,2457.85,0.40685965,buy,2025-11-20 17:05:34.764037848
1763658336.6680236,2457.83,0.00389114,buy,2025-11-20 17:05:36.668023586
1763658338.1274068,2458.66,0.00128763,sell,2025-11-20 17:05:38.127406836
1763658339.3922791,2459.15,0.394,buy,2025-11-20 17:05:39.392279148
1763658339.3922791,2459.4,1.49600641,buy,2025-11-20 17:05:39.392279148
1763658340.4868062,2458.73,0.0203,buy,2025-11-20 17:05:40.486806154
1763658341.3389094,2458.73,0.004,buy,2025-11-20 17:05:41.338909388
1763658345.0670555,2458.67,0.00443528,buy,2025-11-20 17:05:45.067055463
1763658347.7351596,2458.66,0.00402879,buy,2025-11-20 17:05:47.735159636
1763658347.7498288,2458.65,0.01028415,sell,2025-11-20 17:05:47.749828815
1763658347.7589664,2458.51,0.04,sell,2025-11-20 17:05:47.758966446
1763658349.3314104,2457.08,0.02004863,buy,2025-11-20 17:05:49.331410408
1763658349.3403149,2457.08,0.82295137,buy,2025-11-20 17:05:49.340314865
1763658349.3403149,2457.16,0.453,buy,2025-11-20 17:05:49.340314865
1763658349.3403149,2457.4,1.72404863,buy,2025-11-20 17:05:49.340314865
1763658350.6216884,2457.6,0.006463,buy,2025-11-20 17:05:50.621688366
1763658350.7228303,2457.6,0.027274,buy,2025-11-20 17:05:50.722830296
1763658351.7481694,2456.9,1.01754243,sell,2025-11-20 17:05:51.748169422
1763658351.7481694,2456.58,3.98245757,sell,2025-11-20 17:05:51.748169422
1763658352.3606942,2457.58,0.01039685,buy,2025-11-20 17:05:52.360694170
1763658353.4192636,2456.6,0.001,sell,2025-11-20 17:05:53.419263601
1763658354.90364,2456.96,0.00801984,buy,2025-11-20 17:05:54.903640032
1763658356.786211,2456.96,0.02045808,buy,2025-11-20 17:05:56.786211014
1763658362.3002772,2456.38,0.00288593,sell,2025-11-20 17:06:02.300277233
1763658362.3002772,2455.88,0.08115184,sell,2025-11-20 17:06:02.300277233
1763658363.556072,2456.41,0.01110696,buy,2025-11-20 17:06:03.556071997
1763658365.1656456,2457.56,0.001,sell,2025-11-20 17:06:05.165645599
1763658365.9050922,2457.58,0.00238328,buy,2025-11-20 17:06:05.905092239
1763658371.9460452,2457.71,0.00507116,buy,2025-11-20 17:06:11.946045160
1763658371.9460452,2458.62,0.03283725,buy,2025-11-20 17:06:11.946045160
1763658372.6638672,2459.5,0.07962879,buy,2025-11-20 17:06:12.663867235
1763658373.0294635,2459.5,0.08000298,buy,2025-11-20 17:06:13.029463530
1763658373.9309824,2458.67,0.00616346,buy,2025-11-20 17:06:13.930982351
1763658379.7676349,2458.28,0.40667103,sell,2025-11-20 17:06:19.767634869
1763658383.522906,2460.3,0.5,buy,2025-11-20 17:06:23.522906065
1763658395.2291145,2456.22,0.08022259,buy,2025-11-20 17:06:35.229114532
1763658398.1795912,2456.22,0.54568395,buy,2025-11-20 17:06:38.179591179
1763658398.1797066,2456.22,0.00268221,buy,2025-11-20 17:06:38.179706573
1763658398.1797066,2456.22,0.00395175,buy,2025-11-20 17:06:38.179706573
1763658398.1797066,2456.22,0.00710572,buy,2025-11-20 17:06:38.179706573
1763658398.1797066,2456.22,0.00079114,buy,2025-11-20 17:06:38.179706573
1763658398.1797066,2456.22,0.2333429,buy,2025-11-20 17:06:38.179706573
1763658398.179951,2455.78,0.01764933,sell,2025-11-20 17:06:38.179950953
1763658398.1825807,2455.78,0.07107985,sell,2025-11-20 17:06:38.182580709
1763658398.1825807,2455.28,0.1328,sell,2025-11-20 17:06:38.182580709
1763658398.182581,2455.2,0.00658752,sell,2025-11-20 17:06:38.182580948
1763658398.182581,2455.16,1.83711232,sell,2025-11-20 17:06:38.182580948
1763658399.1411996,2455.17,0.03308013,sell,2025-11-20 17:06:39.141199589
1763658399.1411996,2455.05,0.58,sell,2025-11-20 17:06:39.141199589
1763658399.1411996,2455.02,0.07024793,sell,2025-11-20 17:06:39.141199589
1763658399.1411996,2455.0,0.40733197,sell,2025-11-20 17:06:39.141199589
1763658399.1411996,2455.0,0.24439919,sell,2025-11-20 17:06:39.141199589
1763658399.1411996,2455.0,0.00896131,sell,2025-11-20 17:06:39.141199589
1763658399.1411996,2455.0,0.03584522,sell,2025-11-20 17:06:39.141199589
1763658399.1411996,2455.0,0.18329939,sell,2025-11-20 17:06:39.141199589
1763658399.1411996,2454.98,0.25458451,sell,2025-11-20 17:06:39.141199589
1763658399.1411996,2454.68,0.02597479,sell,2025-11-20 17:06:39.141199589
1763658399.1411996,2454.66,0.01655888,sell,2025-11-20 17:06:39.141199589
1763658399.1411996,2454.66,0.81477679,sell,2025-11-20 17:06:39.141199589
1763658399.1411996,2454.63,0.01655671,sell,2025-11-20 17:06:39.141199589
1763658399.1411996,2454.62,0.0407395,sell,2025-11-20 17:06:39.141199589
1763658399.1411996,2454.53,0.1328,sell,2025-11-20 17:06:39.141199589
1763658399.1411998,2454.35,8.84129726,sell,2025-11-20 17:06:39.141199827
1763658399.1485116,2454.43,0.55444406,sell,2025-11-20 17:06:39.148511648
1763658399.1495996,2454.43,0.20135098,sell,2025-11-20 17:06:39.149599552
1763658399.1498277,2454.43,0.0590581,sell,2025-11-20 17:06:39.149827719
1763658399.3833222,2454.49,0.05720899,sell,2025-11-20 17:06:39.383322239
1763658401.1449926,2454.49,0.10653796,sell,2025-11-20 17:06:41.144992590
1763658402.1317647,2454.94,1.16019966,sell,2025-11-20 17:06:42.131764650
1763658402.1699,2455.33,0.04012584,buy,2025-11-20 17:06:42.169899940
1763658402.1713226,2455.33,0.0934932,buy,2025-11-20 17:06:42.171322584
1763658402.2514012,2454.94,0.05,sell,2025-11-20 17:06:42.251401186
1763658403.6045856,2455.32,0.09554167,buy,2025-11-20 17:06:43.604585648
1763658407.8555691,2456.12,0.00560593,buy,2025-11-20 17:06:47.855569124
1763658408.2197876,2456.11,0.00234184,buy,2025-11-20 17:06:48.219787598
1763658409.834175,2455.83,0.00131953,sell,2025-11-20 17:06:49.834175110
1763658411.8699648,2454.73,0.14,buy,2025-11-20 17:06:51.869964838
1763658411.869965,2454.76,0.06067747,buy,2025-11-20 17:06:51.869965076
1763658411.8707612,2454.76,3.95925447,buy,2025-11-20 17:06:51.870761156
1763658412.9865606,2454.72,0.1,buy,2025-11-20 17:06:52.986560583
1763658413.3233883,2454.71,0.02,sell,2025-11-20 17:06:53.323388338
1763658416.2218795,2454.25,0.06111846,sell,2025-11-20 17:06:56.221879482
1763658416.6339765,2454.01,0.01875811,buy,2025-11-20 17:06:56.633976460
1763658419.6967752,2454.01,0.1,buy,2025-11-20 17:06:59.696775198
1763658424.0071785,2454.0,0.01726162,sell,2025-11-20 17:07:04.007178545
1763658424.0071785,2453.87,0.02039188,sell,2025-11-20 17:07:04.007178545
1763658424.38935,2453.2,1.03261529,buy,2025-11-20 17:07:04.389349937
1763658424.3897634,2453.2,0.02008034,buy,2025-11-20 17:07:04.389763355
1763658424.46947,2453.19,0.40763252,sell,2025-11-20 17:07:04.469470024
1763658424.5112207,2453.01,0.13289028,sell,2025-11-20 17:07:04.511220694
1763658424.632049,2452.53,0.01298785,buy,2025-11-20 17:07:04.632049084
1763658425.2906744,2452.51,0.012,sell,2025-11-20 17:07:05.290674448
1763658425.5475924,2452.52,0.02038719,buy,2025-11-20 17:07:05.547592402
1763658425.765718,2452.51,3.479e-05,sell,2025-11-20 17:07:05.765717983
1763658425.765718,2452.0,0.40783034,sell,2025-11-20 17:07:05.765717983
1763658425.765718,2452.0,0.01223491,sell,2025-11-20 17:07:05.765717983
1763658425.765718,2451.75,0.00454928,sell,2025-11-20 17:07:05.765717983
1763658425.765718,2451.61,0.24834437,sell,2025-11-20 17:07:05.765717983
1763658425.765718,2451.49,0.0636,sell,2025-11-20 17:07:05.765717983
1763658425.765718,2451.13,0.00612202,sell,2025-11-20 17:07:05.765717983
1763658425.765718,2451.0,1.72335196,sell,2025-11-20 17:07:05.765717983
1763658426.3706872,2451.01,0.00527438,buy,2025-11-20 17:07:06.370687246
1763658426.5328195,2451.0,8.27664804,sell,2025-11-20 17:07:06.532819510
1763658426.5328195,2450.79,0.00471276,sell,2025-11-20 17:07:06.532819510
1763658426.5416083,2450.49,0.005,sell,2025-11-20 17:07:06.541608334
1763658426.5416083,2450.27,0.204,sell,2025-11-20 17:07:06.541608334
1763658426.5416083,2450.1,2.0,sell,2025-11-20 17:07:06.541608334
1763658426.5416083,2450.01,0.01632646,sell,2025-11-20 17:07:06.541608334
1763658426.5416083,2450.0,0.02040816,sell,2025-11-20 17:07:06.541608334
1763658426.5416083,2450.0,0.04081632,sell,2025-11-20 17:07:06.541608334
1763658426.5416083,2450.0,3.0,sell,2025-11-20 17:07:06.541608334
1763658426.5416083,2450.0,0.25,sell,2025-11-20 17:07:06.541608334
1763658426.5416083,2450.0,0.08163266,sell,2025-11-20 17:07:06.541608334
1763658426.5416083,2450.0,3.0,sell,2025-11-20 17:07:06.541608334
1763658426.5416083,2450.0,0.08163265,sell,2025-11-20 17:07:06.541608334
1763658426.5416086,2450.0,0.20408163,sell,2025-11-20 17:07:06.541608572
1763658426.5416086,2450.0,0.04081632,sell,2025-11-20 17:07:06.541608572
1763658426.5416086,2450.0,1.00334285,sell,2025-11-20 17:07:06.541608572
1763658426.5416086,2450.0,0.08163265,sell,2025-11-20 17:07:06.541608572
1763658426.5416086,2450.0,0.20408164,sell,2025-11-20 17:07:06.541608572
1763658426.5416086,2450.0,0.01224489,sell,2025-11-20 17:07:06.541608572
1763658426.5416086,2450.0,0.03061224,sell,2025-11-20 17:07:06.541608572
1763658426.5416086,2450.0,0.01020408,sell,2025-11-20 17:07:06.541608572
1763658426.5416086,2450.0,0.06122448,sell,2025-11-20 17:07:06.541608572
1763658426.5416086,2450.0,0.0032653,sell,2025-11-20 17:07:06.541608572
1763658426.5416086,2450.0,0.04,sell,2025-11-20 17:07:06.541608572
1763658426.5416086,2450.0,0.5,sell,2025-11-20 17:07:06.541608572
1763658426.5416086,2450.0,0.1,sell,2025-11-20 17:07:06.541608572
1763658426.5416086,2450.0,1.14506938,sell,2025-11-20 17:07:06.541608572
1763658426.5416086,2450.0,0.85047803,sell,2025-11-20 17:07:06.541608572
1763658426.542741,2450.0,2.08528811,sell,2025-11-20 17:07:06.542741060
1763658426.5522826,2450.0,0.06423386,sell,2025-11-20 17:07:06.552282572
1763658426.5522826,2450.0,0.0277551,sell,2025-11-20 17:07:06.552282572
1763658426.5522826,2450.0,0.02040816,sell,2025-11-20 17:07:06.552282572
1763658426.5522826,2450.0,0.08122448,sell,2025-11-20 17:07:06.552282572
1763658426.5522826,2450.0,0.19989321,sell,2025-11-20 17:07:06.552282572
1763658426.607975,2450.0,0.00418842,sell,2025-11-20 17:07:06.607975006
1763658426.607975,2450.0,0.00612244,sell,2025-11-20 17:07:06.607975006
1763658426.607975,2450.0,0.20408163,sell,2025-11-20 17:07:06.607975006
1763658426.607975,2450.0,0.05306122,sell,2025-11-20 17:07:06.607975006
1763658426.607975,2450.0,0.5,sell,2025-11-20 17:07:06.607975006
1763658426.607975,2450.0,0.02004629,sell,2025-11-20 17:07:06.607975006
1763658426.6129134,2450.0,0.09072922,sell,2025-11-20 17:07:06.612913370
1763658426.6129134,2450.0,0.38017078,sell,2025-11-20 17:07:06.612913370
1763658426.6619525,2450.0,0.2128,sell,2025-11-20 17:07:06.661952496
1763658426.6692858,2450.0,0.40702922,sell,2025-11-20 17:07:06.669285774
1763658426.6692858,2450.0,0.00408163,sell,2025-11-20 17:07:06.669285774
1763658426.669286,2450.0,0.02040816,sell,2025-11-20 17:07:06.669286013
1763658426.669286,2450.0,0.005,sell,2025-11-20 17:07:06.669286013
1763658426.669286,2450.0,0.10204082,sell,2025-11-20 17:07:06.669286013
1763658426.669286,2450.0,0.02040816,sell,2025-11-20 17:07:06.669286013
1763658426.669286,2450.0,1.0,sell,2025-11-20 17:07:06.669286013
1763658426.669286,2450.0,0.04081632,sell,2025-11-20 17:07:06.669286013
1763658426.669286,2450.0,0.01041666,sell,2025-11-20 17:07:06.669286013
1763658426.669286,2450.0,0.00612244,sell,2025-11-20 17:07:06.669286013
1763658426.669286,2450.0,0.02040816,sell,2025-11-20 17:07:06.669286013
1763658426.669286,2450.0,0.02040816,sell,2025-11-20 17:07:06.669286013
1763658426.669286,2450.0,0.03258367,sell,2025-11-20 17:07:06.669286013
1763658426.669286,2450.0,0.04081632,sell,2025-11-20 17:07:06.669286013
1763658426.669286,2450.0,0.40816326,sell,2025-11-20 17:07:06.669286013
1763658426.669286,2450.0,0.40816326,sell,2025-11-20 17:07:06.669286013
1763658426.669286,2450.0,0.04081632,sell,2025-11-20 17:07:06.669286013
1763658426.669286,2450.0,0.01224489,sell,2025-11-20 17:07:06.669286013
1763658426.669286,2450.0,0.04081632,sell,2025-11-20 17:07:06.669286013
1763658426.6692863,2450.0,1.08163265,sell,2025-11-20 17:07:06.669286251
1763658426.6692863,2450.0,0.00408163,sell,2025-11-20 17:07:06.669286251
1763658426.6692863,2450.0,0.04081632,sell,2025-11-20 17:07:06.669286251
1763658426.6692863,2450.0,0.02204489,sell,2025-11-20 17:07:06.669286251
1763658426.6692863,2450.0,0.0122453,sell,2025-11-20 17:07:06.669286251
1763658426.6692863,2450.0,0.00408163,sell,2025-11-20 17:07:06.669286251
1763658426.6692863,2450.0,1.0,sell,2025-11-20 17:07:06.669286251
1763658426.6692863,2450.0,0.03260408,sell,2025-11-20 17:07:06.669286251
1763658426.6692863,2450.0,0.1,sell,2025-11-20 17:07:06.669286251
1763658426.6692863,2450.0,0.00204081,sell,2025-11-20 17:07:06.669286251
1763658426.6692863,2450.0,0.002,sell,2025-11-20 17:07:06.669286251
1763658426.6692863,2450.0,24.79245274,sell,2025-11-20 17:07:06.669286251
1763658426.6746445,2450.0,0.7875,sell,2025-11-20 17:07:06.674644470
1763658426.7128112,2450.0,30.53943909,sell,2025-11-20 17:07:06.712811232
1763658426.7128112,2450.0,0.01224489,sell,2025-11-20 17:07:06.712811232
1763658426.7128112,2450.0,0.02,sell,2025-11-20 17:07:06.712811232
1763658426.7128112,2450.0,0.02040816,sell,2025-11-20 17:07:06.712811232
1763658426.7128112,2450.0,24.70920816,sell,2025-11-20 17:07:06.712811232
1763658426.7128112,2450.0,1.0,sell,2025-11-20 17:07:06.712811232
1763658426.7128112,2450.0,0.98189134,sell,2025-11-20 17:07:06.712811232
1763658426.7128112,2450.0,0.02,sell,2025-11-20 17:07:06.712811232
1763658426.7128112,2450.0,0.1,sell,2025-11-20 17:07:06.712811232
1763658426.7128112,2449.91,0.00343225,sell,2025-11-20 17:07:06.712811232
1763658426.7146187,2449.0,0.02041649,sell,2025-11-20 17:07:06.714618683
1763658426.7146187,2448.84,0.25522256,sell,2025-11-20 17:07:06.714618683
1763658426.739714,2450.01,0.00732109,buy,2025-11-20 17:07:06.739713907
1763658426.817718,2448.52,0.082,buy,2025-11-20 17:07:06.817718029
1763658426.8861146,2448.52,0.00530538,buy,2025-11-20 17:07:06.886114597
1763658426.9701588,2448.32,0.00408443,sell,2025-11-20 17:07:06.970158815
1763658427.218127,2449.27,0.00040239,buy,2025-11-20 17:07:07.218127012
1763658427.2182937,2449.27,0.00040239,buy,2025-11-20 17:07:07.218293667
1763658427.2264671,2449.27,0.00402526,buy,2025-11-20 17:07:07.226467133
1763658427.236863,2449.27,0.00040253,buy,2025-11-20 17:07:07.236862898
1763658427.2376566,2449.27,0.00201263,buy,2025-11-20 17:07:07.237656593
1763658427.2411888,2449.27,0.00060379,buy,2025-11-20 17:07:07.241188765
1763658427.2422814,2449.27,0.03018942,buy,2025-11-20 17:07:07.242281437
1763658427.2441976,2449.27,0.04025256,buy,2025-11-20 17:07:07.244197607
1763658427.2476776,2449.27,0.60378841,buy,2025-11-20 17:07:07.247677565
1763658427.2487671,2449.27,0.02012628,buy,2025-11-20 17:07:07.248767138
1763658427.250958,2449.27,0.00040253,buy,2025-11-20 17:07:07.250957965
1763658427.2515357,2449.27,0.00402526,buy,2025-11-20 17:07:07.251535654
1763658427.2536783,2448.45,0.00040253,buy,2025-11-20 17:07:07.253678322
1763658427.255284,2448.45,0.00040253,buy,2025-11-20 17:07:07.255284071
1763658427.2569344,2448.45,0.13199494,buy,2025-11-20 17:07:07.256934404
1763658427.2569344,2449.27,0.7931033,buy,2025-11-20 17:07:07.256934404
1763658427.2614715,2449.27,0.01006314,buy,2025-11-20 17:07:07.261471510
1763658427.2636352,2449.27,0.00040253,buy,2025-11-20 17:07:07.263635159
1763658427.2654314,2448.4,0.00402526,buy,2025-11-20 17:07:07.265431403
1763658427.266657,2448.4,0.12075768,buy,2025-11-20 17:07:07.266657113
1763658427.2701654,2448.4,0.00801706,buy,2025-11-20 17:07:07.270165443
1763658427.2701654,2449.27,0.07248806,buy,2025-11-20 17:07:07.270165443
1763658427.2721636,2449.27,0.02012628,buy,2025-11-20 17:07:07.272163630
1763658427.2750895,2449.27,0.04025256,buy,2025-11-20 17:07:07.275089502
1763658427.277374,2449.27,0.05107044,buy,2025-11-20 17:07:07.277374029
1763658427.283896,2448.52,1.20727849,buy,2025-11-20 17:07:07.283895969
1763658427.2881117,2448.52,0.00797751,buy,2025-11-20 17:07:07.288111687
1763658427.2881117,2449.27,0.05330701,buy,2025-11-20 17:07:07.288111687
1763658427.2885346,2449.27,0.00408563,buy,2025-11-20 17:07:07.288534641
1763658427.2888677,2449.27,0.02042817,buy,2025-11-20 17:07:07.288867712
1763658427.2908306,2449.27,0.61284524,buy,2025-11-20 17:07:07.290830612
1763658427.2925043,2449.27,0.01552996,buy,2025-11-20 17:07:07.292504311
1763658427.2925043,2449.53,0.00489821,buy,2025-11-20 17:07:07.292504311
1763658427.2944834,2449.53,0.00040253,buy,2025-11-20 17:07:07.294483423
1763658427.2974224,2449.53,0.0122569,buy,2025-11-20 17:07:07.297422409
1763658427.2992978,2449.53,0.01318065,buy,2025-11-20 17:07:07.299297810
1763658427.299298,2449.77,0.06853205,buy,2025-11-20 17:07:07.299298048
1763658427.3021739,2449.77,0.06426795,buy,2025-11-20 17:07:07.302173853
1763658427.3021739,2450.0,0.01744475,buy,2025-11-20 17:07:07.302173853
1763658427.3178513,2450.01,0.02,buy,2025-11-20 17:07:07.317851305
1763658427.636722,2446.66,0.02857142,sell,2025-11-20 17:07:07.636722088
1763658427.6368046,2446.66,0.03,sell,2025-11-20 17:07:07.636804581
1763658427.6368554,2446.66,0.07422858,sell,2025-11-20 17:07:07.636855364
1763658427.6368554,2446.61,0.25877142,sell,2025-11-20 17:07:07.636855364
1763658427.637008,2446.61,5.6638442,sell,2025-11-20 17:07:07.637007952
1763658427.6371305,2446.61,17.39438438,sell,2025-11-20 17:07:07.637130499
1763658427.6371305,2446.6,0.00289747,sell,2025-11-20 17:07:07.637130499
1763658427.6371305,2446.36,0.1328,sell,2025-11-20 17:07:07.637130499
1763658427.6371305,2446.23,0.38301663,sell,2025-11-20 17:07:07.637130499
1763658428.2961898,2449.22,0.0192689,buy,2025-11-20 17:07:08.296189785
1763658428.3190463,2449.22,0.8197311,buy,2025-11-20 17:07:08.319046259
1763658428.3190463,2449.23,0.1328,buy,2025-11-20 17:07:08.319046259
1763658428.3190463,2449.33,0.0474689,buy,2025-11-20 17:07:08.319046259
1763658428.7278442,2448.81,0.04693,buy,2025-11-20 17:07:08.727844238
1763658428.8529012,2448.81,0.03864246,buy,2025-11-20 17:07:08.852901220
1763658429.1557324,2448.81,0.00919771,buy,2025-11-20 17:07:09.155732393
1763658429.1572723,2448.81,0.0192689,buy,2025-11-20 17:07:09.157272339
1763658429.438296,2448.81,0.00377166,buy,2025-11-20 17:07:09.438296080
1763658434.192081,2448.8,0.07145492,sell,2025-11-20 17:07:14.192080975
1763658437.9743168,2450.62,0.00078901,buy,2025-11-20 17:07:17.974316835
1763658439.4523187,2450.6,0.061152,buy,2025-11-20 17:07:19.452318668
1763658446.1791291,2450.39,0.04696915,sell,2025-11-20 17:07:26.179129124
1763658447.867396,2450.39,0.34958325,sell,2025-11-20 17:07:27.867396116
1763658453.348256,2452.72,0.08151653,buy,2025-11-20 17:07:33.348256111
1763658460.4252138,2451.96,0.299,buy,2025-11-20 17:07:40.425213814
1763658460.4252138,2451.97,0.701,buy,2025-11-20 17:07:40.425213814
1763658463.6303694,2453.66,2.42537188,buy,2025-11-20 17:07:43.630369425
1763658465.9521983,2454.24,3.53299133,sell,2025-11-20 17:07:45.952198267
1763658465.9521983,2454.24,23.337,sell,2025-11-20 17:07:45.952198267
1763658465.9521983,2454.24,2.428,sell,2025-11-20 17:07:45.952198267
1763658465.9521985,2454.11,5.300058,sell,2025-11-20 17:07:45.952198505
1763658465.9521985,2454.03,8.83372713,sell,2025-11-20 17:07:45.952198505
1763658465.9521985,2454.01,6.66822354,sell,2025-11-20 17:07:45.952198505
1763658466.7902188,2454.25,0.00653799,buy,2025-11-20 17:07:46.790218830
1763658472.7794614,2455.27,0.00180881,sell,2025-11-20 17:07:52.779461384
1763658477.4282997,2454.51,0.09529958,sell,2025-11-20 17:07:57.428299665
1763658479.6499782,2454.9,0.15960773,buy,2025-11-20 17:07:59.649978161
1763658482.608375,2454.83,0.06110377,sell,2025-11-20 17:08:02.608375072
1763658483.9172852,2454.86,0.07996635,buy,2025-11-20 17:08:03.917285204
1763658483.946959,2454.86,0.0026,buy,2025-11-20 17:08:03.946959019
1763658484.3469796,2454.86,0.1,buy,2025-11-20 17:08:04.346979618
1763658488.5708818,2455.9,2.42537188,buy,2025-11-20 17:08:08.570881844
1763658488.5708818,2455.91,4.694976,buy,2025-11-20 17:08:08.570881844
1763658489.9132218,2457.93,0.03701578,buy,2025-11-20 17:08:09.913221836
1763658490.7582316,2459.62,4.694976,buy,2025-11-20 17:08:10.758231640
1763658490.8102627,2460.89,0.2930671,buy,2025-11-20 17:08:10.810262680
1763658490.8195739,2461.71,0.06,buy,2025-11-20 17:08:10.819573879
1763658494.8652244,2461.0,2.42537188,buy,2025-11-20 17:08:14.865224361
1763658494.8652244,2461.01,4.694976,buy,2025-11-20 17:08:14.865224361
1763658498.4754064,2464.76,0.00406337,buy,2025-11-20 17:08:18.475406408
1763658498.6820388,2463.57,0.07547467,buy,2025-11-20 17:08:18.682038784
1763658498.978659,2463.17,0.19852236,buy,2025-11-20 17:08:18.978658915
1763658499.2461271,2464.75,0.01191134,buy,2025-11-20 17:08:19.246127129
1763658499.4466674,2463.17,0.01985224,buy,2025-11-20 17:08:19.446667433
1763658499.8462007,2464.66,2.0,buy,2025-11-20 17:08:19.846200705
1763658503.034996,2465.46,0.00405603,buy,2025-11-20 17:08:23.034996033
1763658503.6258647,2468.37,0.03976159,buy,2025-11-20 17:08:23.625864744
1763658504.930227,2466.69,0.00397045,buy,2025-11-20 17:08:24.930227041
1763658505.5378065,2466.69,0.00794089,buy,2025-11-20 17:08:25.537806511
1763658509.9528785,2466.68,0.29346475,sell,2025-11-20 17:08:29.952878475
1763658511.8986704,2464.09,0.04,sell,2025-11-20 17:08:31.898670435
1763658511.8986704,2463.39,0.02419633,sell,2025-11-20 17:08:31.898670435
1763658524.545325,2464.61,0.04,buy,2025-11-20 17:08:44.545325041
1763658524.545325,2466.18,0.81097081,buy,2025-11-20 17:08:44.545325041
1763658524.5453253,2466.27,0.031,buy,2025-11-20 17:08:44.545325279
1763658524.5453253,2466.28,0.122,buy,2025-11-20 17:08:44.545325279
1763658524.5453253,2466.29,0.18870523,buy,2025-11-20 17:08:44.545325279
1763658526.3870916,2464.12,1.588,sell,2025-11-20 17:08:46.387091637
1763658526.3870916,2464.01,3.66679842,sell,2025-11-20 17:08:46.387091637
1763658531.163871,2463.11,0.04,sell,2025-11-20 17:08:51.163871050
1763658532.520967,2459.49,0.02144659,sell,2025-11-20 17:08:52.520967007
1763658539.1446843,2459.26,0.0187734,buy,2025-11-20 17:08:59.144684315
1763658542.876825,2459.33,3.63683811,buy,2025-11-20 17:09:02.876825094
1763658549.7951212,2458.49,0.01641651,buy,2025-11-20 17:09:09.795121193
1763658565.7633462,2458.63,0.04,sell,2025-11-20 17:09:25.763346195
1763658565.7633462,2458.31,0.11075155,sell,2025-11-20 17:09:25.763346195
1763658566.8005314,2457.87,0.01976312,buy,2025-11-20 17:09:26.800531387
1763658570.7280624,2457.81,0.2930671,buy,2025-11-20 17:09:30.728062391
1763658570.7280624,2457.83,0.47278566,buy,2025-11-20 17:09:30.728062391
1763658572.5436838,2457.61,0.00490652,buy,2025-11-20 17:09:32.543683767
1763658572.5436838,2457.62,0.01534804,buy,2025-11-20 17:09:32.543683767
1763658573.3613951,2456.36,3.50829609,buy,2025-11-20 17:09:33.361395121
1763658573.3613951,2457.6,0.035,buy,2025-11-20 17:09:33.361395121
1763658573.3613951,2457.86,0.75796943,buy,2025-11-20 17:09:33.361395121
1763658573.3613951,2457.86,0.1328,buy,2025-11-20 17:09:33.361395121
1763658573.3613951,2457.87,0.11033201,buy,2025-11-20 17:09:33.361395121
1763658574.1614187,2456.64,0.15889242,buy,2025-11-20 17:09:34.161418676
1763658582.7883613,2455.27,1.8238258,sell,2025-11-20 17:09:42.788361311
1763658596.671647,2456.32,0.01654007,buy,2025-11-20 17:09:56.671647072
1763658596.671647,2456.32,0.96461508,buy,2025-11-20 17:09:56.671647072
1763658604.7998428,2455.0,0.03665987,sell,2025-11-20 17:10:04.799842834
1763658606.6771688,2453.11,0.00525133,sell,2025-11-20 17:10:06.677168846
1763658615.1958976,2452.31,0.00319279,buy,2025-11-20 17:10:15.195897579
1763658615.8623593,2451.29,0.01180714,buy,2025-11-20 17:10:15.862359285
1763658617.5002468,2451.28,0.00797458,sell,2025-11-20 17:10:17.500246763
1763658619.9831266,2453.43,0.00407593,buy,2025-11-20 17:10:19.983126640
1763658620.0058026,2453.42,0.00257287,sell,2025-11-20 17:10:20.005802631
1763658625.3824809,2453.64,0.03202542,sell,2025-11-20 17:10:25.382480860
1763658625.465079,2453.42,0.40759429,sell,2025-11-20 17:10:25.465079069
1763658626.5379424,2450.57,0.03308013,sell,2025-11-20 17:10:26.537942410
1763658626.5379424,2450.56,0.06674191,sell,2025-11-20 17:10:26.537942410
1763658628.1375976,2451.43,0.1328,buy,2025-11-20 17:10:28.137597561
1763658628.1375976,2451.44,0.03731096,buy,2025-11-20 17:10:28.137597561
1763658630.2493956,2451.91,0.0192999,buy,2025-11-20 17:10:30.249395609
1763658633.8262305,2451.41,0.102,buy,2025-11-20 17:10:33.826230526
1763658633.9708347,2451.4,0.0204,sell,2025-11-20 17:10:33.970834732
1763658633.9708347,2451.38,0.04885329,sell,2025-11-20 17:10:33.970834732
1763658633.9708347,2450.91,0.005,sell,2025-11-20 17:10:33.970834732
1763658633.9708347,2450.89,1.55080135,sell,2025-11-20 17:10:33.970834732
1763658633.9708347,2450.89,3.63683811,sell,2025-11-20 17:10:33.970834732
1763658635.3505185,2451.41,0.11984143,buy,2025-11-20 17:10:35.350518465
1763658636.036788,2451.41,0.0020295,buy,2025-11-20 17:10:36.036787987
1763658637.2270088,2450.29,0.04262958,sell,2025-11-20 17:10:37.227008820
1763658638.2002606,2449.9,0.003036,sell,2025-11-20 17:10:38.200260639
1763658638.2014198,2449.9,0.129764,sell,2025-11-20 17:10:38.201419830
1763658638.2014198,2449.89,0.1328,sell,2025-11-20 17:10:38.201419830
1763658638.20142,2449.66,0.1328,sell,2025-11-20 17:10:38.201420069
1763658638.20142,2449.64,5.26462006,sell,2025-11-20 17:10:38.201420069
1763658639.1629705,2450.72,0.03074209,sell,2025-11-20 17:10:39.162970543
1763658639.164396,2450.72,0.01347196,sell,2025-11-20 17:10:39.164396048
1763658639.1650174,2450.72,0.02681696,sell,2025-11-20 17:10:39.165017366
1763658639.1655111,2450.72,0.04839717,sell,2025-11-20 17:10:39.165511131
1763658639.1659293,2450.72,0.04672578,sell,2025-11-20 17:10:39.165929317
1763658639.1748781,2450.72,0.94884604,sell,2025-11-20 17:10:39.174878120
1763658639.1748781,2450.72,0.03538429,sell,2025-11-20 17:10:39.174878120
1763658640.70156,2451.71,1.109,sell,2025-11-20 17:10:40.701560020
1763658640.70156,2451.26,0.51211,sell,2025-11-20 17:10:40.701560020
1763658643.3809643,2451.15,0.00020399,buy,2025-11-20 17:10:43.380964279
1763658644.9360328,2451.15,0.00787876,buy,2025-11-20 17:10:44.936032772
1763658645.9991162,2451.12,0.03308013,buy,2025-11-20 17:10:45.999116182
1763658645.9991162,2451.13,0.34516908,buy,2025-11-20 17:10:45.999116182
1763658649.87212,2451.15,0.03873869,buy,2025-11-20 17:10:49.872119904
1763658658.8208168,2451.15,0.04824846,buy,2025-11-20 17:10:58.820816755
1763658661.3484313,2450.0,0.12244897,sell,2025-11-20 17:11:01.348431349
1763658661.3484313,2449.48,0.24737261,sell,2025-11-20 17:11:01.348431349
1763658661.3484316,2449.27,0.03308013,sell,2025-11-20 17:11:01.348431587
1763658661.3484316,2449.26,0.59709515,sell,2025-11-20 17:11:01.348431587
1763658663.0897748,2449.33,0.01304571,buy,2025-11-20 17:11:03.089774847
1763658665.0521019,2449.33,0.01569569,buy,2025-11-20 17:11:05.052101851
1763658668.2259018,2449.31,0.00407057,buy,2025-11-20 17:11:08.225901842
1763658668.6356409,2449.3,0.03954253,buy,2025-11-20 17:11:08.635640860
1763658669.920601,2449.27,0.0396385,buy,2025-11-20 17:11:09.920600891
1763658671.2760727,2449.33,0.17,buy,2025-11-20 17:11:11.276072741
1763658677.0783021,2449.07,0.00835807,buy,2025-11-20 17:11:17.078302145
1763658679.3460486,2448.32,0.00408443,sell,2025-11-20 17:11:19.346048594
1763658679.3460486,2448.09,0.04885329,sell,2025-11-20 17:11:19.346048594
1763658679.3460486,2447.92,0.34101945,sell,2025-11-20 17:11:19.346048594
1763658680.5631206,2448.81,0.02900956,buy,2025-11-20 17:11:20.563120604
1763658680.5631206,2449.07,0.07005798,buy,2025-11-20 17:11:20.563120604
1763658684.4274437,2448.69,0.035,buy,2025-11-20 17:11:24.427443743
1763658684.4274437,2448.74,0.06546981,buy,2025-11-20 17:11:24.427443743
1763658686.0870152,2450.37,0.05971423,buy,2025-11-20 17:11:26.087015152
1763658688.2022173,2449.56,0.1328,buy,2025-11-20 17:11:28.202217340
1763658688.2022173,2449.73,0.04460622,buy,2025-11-20 17:11:28.202217340
1763658688.2022173,2449.85,0.20295198,buy,2025-11-20 17:11:28.202217340
1763658690.9919991,2447.19,0.001,sell,2025-11-20 17:11:30.991999149
1763658692.9290457,2447.25,0.0353843,buy,2025-11-20 17:11:32.929045677
1763658692.9290457,2447.26,0.02590874,buy,2025-11-20 17:11:32.929045677
1763658694.6079097,2446.43,5.31679683,sell,2025-11-20 17:11:34.607909679
1763658694.6079097,2446.42,6.68320317,sell,2025-11-20 17:11:34.607909679
1763658694.9387145,2447.26,0.00196459,buy,2025-11-20 17:11:34.938714504
1763658695.6905806,2446.61,0.00204364,buy,2025-11-20 17:11:35.690580606
1763658695.6913974,2446.61,0.01006721,buy,2025-11-20 17:11:35.691397429
1763658695.6920986,2446.61,2.0,buy,2025-11-20 17:11:35.692098618
1763658696.6667428,2446.61,0.880048,buy,2025-11-20 17:11:36.666742802
1763658696.6667428,2446.74,5.31612911,buy,2025-11-20 17:11:36.666742802
1763658696.6667428,2447.17,8.85868044,buy,2025-11-20 17:11:36.666742802
1763658696.6667428,2447.52,7.37615966,buy,2025-11-20 17:11:36.666742802
1763658696.6672568,2446.45,0.02606217,sell,2025-11-20 17:11:36.667256832
1763658696.6672568,2446.2,2.82393783,sell,2025-11-20 17:11:36.667256832
1763658696.9383075,2447.28,0.032,buy,2025-11-20 17:11:36.938307524
1763658696.9383075,2447.64,0.018,buy,2025-11-20 17:11:36.938307524
1763658697.131238,2446.55,0.02315459,buy,2025-11-20 17:11:37.131237984
1763658698.2411609,2446.06,0.00749686,buy,2025-11-20 17:11:38.241160870
1763658698.456351,2446.19,0.00817641,buy,2025-11-20 17:11:38.456351042
1763658699.0951657,2446.0,0.02493867,sell,2025-11-20 17:11:39.095165730
1763658699.8445752,2445.62,0.01208554,buy,2025-11-20 17:11:39.844575167
1763658701.732943,2445.61,0.00572454,sell,2025-11-20 17:11:41.732943058
1763658701.732943,2445.61,0.02597546,sell,2025-11-20 17:11:41.732943058
1763658701.7357004,2445.61,9.566e-05,sell,2025-11-20 17:11:41.735700369
1763658701.759654,2445.0,0.04089979,sell,2025-11-20 17:11:41.759654045
1763658701.759654,2445.0,0.02,sell,2025-11-20 17:11:41.759654045
1763658702.6335473,2444.39,0.01612217,buy,2025-11-20 17:11:42.633547306
1763658702.6344485,2444.39,0.004091,buy,2025-11-20 17:11:42.634448528
1763658703.3752706,2444.38,0.36819152,sell,2025-11-20 17:11:43.375270605
1763658704.3453114,2444.11,0.00765803,buy,2025-11-20 17:11:44.345311403
1763658704.6677825,2444.1,0.15570728,sell,2025-11-20 17:11:44.667782545
1763658705.1135123,2444.1,0.04529272,sell,2025-11-20 17:11:45.113512278
1763658705.1201456,2444.0,3.03461538,sell,2025-11-20 17:11:45.120145559
1763658705.1201456,2444.0,0.03500126,sell,2025-11-20 17:11:45.120145559
1763658706.8524208,2442.42,0.17,buy,2025-11-20 17:11:46.852420807
1763658706.8524208,2442.51,0.317,buy,2025-11-20 17:11:46.852420807
1763658706.8524208,2442.54,0.12712706,buy,2025-11-20 17:11:46.852420807
1763658707.2637653,2442.41,0.356,buy,2025-11-20 17:11:47.263765335
1763658707.2637653,2442.41,0.1328,buy,2025-11-20 17:11:47.263765335
1763658707.2637656,2442.41,2.12362998,buy,2025-11-20 17:11:47.263765574
1763658707.2670777,2442.4,0.0119923,sell,2025-11-20 17:11:47.267077683
1763658707.313203,2442.41,0.25548732,buy,2025-11-20 17:11:47.313203096
1763658714.3704433,2441.88,0.27909824,buy,2025-11-20 17:11:54.370443344
1763658715.2015169,2441.87,0.01023805,sell,2025-11-20 17:11:55.201516867
1763658715.8894532,2441.62,0.04,sell,2025-11-20 17:11:55.889453173
1763658715.8894532,2441.04,0.02611993,sell,2025-11-20 17:11:55.889453173
1763658715.8894534,2441.03,0.03775508,sell,2025-11-20 17:11:55.889453411
1763658715.8894534,2441.02,0.30724861,sell,2025-11-20 17:11:55.889453411
1763658715.8894534,2441.0,0.6,sell,2025-11-20 17:11:55.889453411
1763658715.8894534,2440.0,0.05,sell,2025-11-20 17:11:55.889453411
1763658715.8894534,2440.0,0.01015541,sell,2025-11-20 17:11:55.889453411
1763658715.8894534,2440.0,0.5737705,sell,2025-11-20 17:11:55.889453411
1763658715.8894534,2440.0,0.45118032,sell,2025-11-20 17:11:55.889453411
1763658715.8894534,2440.0,0.0409836,sell,2025-11-20 17:11:55.889453411
1763658715.8894534,2440.0,0.009,sell,2025-11-20 17:11:55.889453411
1763658715.8894534,2440.0,1.0,sell,2025-11-20 17:11:55.889453411
1763658715.8894534,2440.0,0.0088316,sell,2025-11-20 17:11:55.889453411
1763658715.8894534,2440.0,0.0061684,sell,2025-11-20 17:11:55.889453411
1763658715.8894534,2439.36,5.33159751,sell,2025-11-20 17:11:55.889453411
1763658715.8894534,2439.2,5.33194773,sell,2025-11-20 17:11:55.889453411
1763658715.8894534,2439.14,0.01035194,sell,2025-11-20 17:11:55.889453411
1763658715.8894534,2439.01,1.16488937,sell,2025-11-20 17:11:55.889453411
1763658719.620264,2441.08,0.00410002,sell,2025-11-20 17:11:59.620264053
1763658724.8752048,2441.83,0.04,buy,2025-11-20 17:12:04.875204802
1763658725.1508958,2441.01,0.03208013,sell,2025-11-20 17:12:05.150895834
1763658725.1508958,2441.0,0.02612036,sell,2025-11-20 17:12:05.150895834
1763658725.1508958,2440.67,2.85589951,sell,2025-11-20 17:12:05.150895834
1763658727.2585518,2441.23,0.00085987,sell,2025-11-20 17:12:07.258551835
1763658728.5099885,2441.83,0.00204764,buy,2025-11-20 17:12:08.509988546
1763658733.0538716,2441.3,0.00766954,buy,2025-11-20 17:12:13.053871632
1763658735.1810741,2441.27,0.00637225,buy,2025-11-20 17:12:15.181074142
1763658735.646335,2439.9,1.6454696,buy,2025-11-20 17:12:15.646334887
1763658735.8097644,2439.9,1.0,buy,2025-11-20 17:12:15.809764385
1763658737.04595,2439.9,0.00040781,buy,2025-11-20 17:12:17.045949936
1763658738.064386,2439.85,0.2586,sell,2025-11-20 17:12:18.064385891
1763658738.2888741,2439.89,0.001,buy,2025-11-20 17:12:18.288874149
1763658741.011103,2439.88,0.03308013,buy,2025-11-20 17:12:21.011102915
1763658741.0111032,2439.9,0.45738219,buy,2025-11-20 17:12:21.011103153
1763658741.0111032,2439.99,0.033,buy,2025-11-20 17:12:21.011103153
1763658741.0111032,2440.0,0.21709791,buy,2025-11-20 17:12:21.011103153
1763658742.9449694,2439.88,0.00403799,buy,2025-11-20 17:12:22.944969416
1763658745.317014,2438.5,0.01945548,sell,2025-11-20 17:12:25.317013979
1763658745.5626335,2439.86,0.04033458,buy,2025-11-20 17:12:25.562633514
1763658747.6726253,2439.02,0.25,sell,2025-11-20 17:12:27.672625303
1763658747.6726253,2438.58,0.24,sell,2025-11-20 17:12:27.672625303
1763658750.8315532,2439.99,3.55298631,sell,2025-11-20 17:12:30.831553221
1763658750.8315532,2439.62,0.04885329,sell,2025-11-20 17:12:30.831553221
1763658750.8315532,2439.34,0.76361489,sell,2025-11-20 17:12:30.831553221
1763658750.8315532,2439.33,23.449,sell,2025-11-20 17:12:30.831553221
1763658750.8315532,2439.33,2.377,sell,2025-11-20 17:12:30.831553221
1763658750.8315532,2439.1,17.77109972,sell,2025-11-20 17:12:30.831553221
1763658750.8315532,2439.1,0.1328,sell,2025-11-20 17:12:30.831553221
1763658750.8315532,2438.9,0.82004182,sell,2025-11-20 17:12:30.831553221
1763658750.8315532,2438.9,3.08460397,sell,2025-11-20 17:12:30.831553221
1763658751.6492522,2439.64,2.377,sell,2025-11-20 17:12:31.649252176
1763658751.6492522,2439.63,3.623,sell,2025-11-20 17:12:31.649252176
