time,price,volume,side,datetime
1763658425.8655262,75633.2,0.0130234,buy,2025-11-20 17:07:05.865526199
1763658425.8672693,75633.2,0.005,buy,2025-11-20 17:07:05.867269278
1763658425.8686674,75633.2,0.00065117,buy,2025-11-20 17:07:05.868667364
1763658425.8699062,75633.2,0.06511701,buy,2025-11-20 17:07:05.869906187
1763658425.870687,75633.2,0.00132188,buy,2025-11-20 17:07:05.870687008
1763658425.871773,75633.2,0.005,buy,2025-11-20 17:07:05.871773005
1763658425.8728352,75633.2,0.00132188,buy,2025-11-20 17:07:05.872835159
1763658425.8738494,75633.2,0.00660938,buy,2025-11-20 17:07:05.873849392
1763658425.879551,75633.2,0.00130234,buy,2025-11-20 17:07:05.879550934
1763658426.1328402,75633.2,0.0084,buy,2025-11-20 17:07:06.132840156
1763658426.2671928,75633.1,0.00026887,sell,2025-11-20 17:07:06.267192841
1763658426.267193,75633.1,0.00053774,sell,2025-11-20 17:07:06.267193079
1763658426.267193,75633.1,0.00053774,sell,2025-11-20 17:07:06.267193079
1763658426.2923474,75633.0,0.00300806,buy,2025-11-20 17:07:06.292347431
1763658426.3820875,75632.4,5e-05,sell,2025-11-20 17:07:06.382087469
1763658426.513697,75632.4,0.00102549,sell,2025-11-20 17:07:06.513696909
1763658426.513697,75632.4,0.00107549,sell,2025-11-20 17:07:06.513696909
1763658426.513697,75630.0,0.40031958,sell,2025-11-20 17:07:06.513696909
1763658426.513697,75625.0,0.00132231,sell,2025-11-20 17:07:06.513696909
1763658426.513697,75625.0,0.0001,sell,2025-11-20 17:07:06.513696909
1763658426.513697,75625.0,0.00723305,sell,2025-11-20 17:07:06.513696909
1763658426.513697,75619.0,0.00013224,sell,2025-11-20 17:07:06.513696909
1763658426.513697,75619.0,6.723e-05,sell,2025-11-20 17:07:06.513696909
1763658426.513697,75614.9,0.00013124,sell,2025-11-20 17:07:06.513696909
1763658426.513697,75614.9,0.00013124,sell,2025-11-20 17:07:06.513696909
1763658426.513697,75614.9,0.00013124,sell,2025-11-20 17:07:06.513696909
1763658426.513697,75614.9,0.00013124,sell,2025-11-20 17:07:06.513696909
1763658426.513697,75614.9,0.00013124,sell,2025-11-20 17:07:06.513696909
1763658426.5197787,75613.4,0.00161364,sell,2025-11-20 17:07:06.519778728
1763658426.5197787,75613.2,5e-05,sell,2025-11-20 17:07:06.519778728
1763658426.5197787,75610.0,0.00198386,sell,2025-11-20 17:07:06.519778728
1763658426.5197787,75600.1,5e-05,sell,2025-11-20 17:07:06.519778728
1763658426.5197787,75600.0,0.005,sell,2025-11-20 17:07:06.519778728
1763658426.5197787,75600.0,0.00093,sell,2025-11-20 17:07:06.519778728
1763658426.5197787,75600.0,0.001,sell,2025-11-20 17:07:06.519778728
1763658426.519779,75600.0,0.00330688,sell,2025-11-20 17:07:06.519778967
1763658426.519779,75600.0,0.00132276,sell,2025-11-20 17:07:06.519778967
1763658426.519779,75600.0,0.04695767,sell,2025-11-20 17:07:06.519778967
1763658426.519779,75600.0,0.0043,sell,2025-11-20 17:07:06.519778967
1763658426.519779,75600.0,0.00661375,sell,2025-11-20 17:07:06.519778967
1763658426.519779,75598.0,0.01653753,sell,2025-11-20 17:07:06.519778967
1763658426.519779,75596.8,0.00012,sell,2025-11-20 17:07:06.519778967
1763658426.519779,75596.0,0.00042753,sell,2025-11-20 17:07:06.519778967
1763658426.519779,75596.0,0.00047193,sell,2025-11-20 17:07:06.519778967
1763658426.519779,75596.0,0.00127604,sell,2025-11-20 17:07:06.519778967
1763658426.519779,75596.0,0.00010505,sell,2025-11-20 17:07:06.519778967
1763658426.519779,75590.9,0.00053804,sell,2025-11-20 17:07:06.519778967
1763658426.519779,75589.5,0.00053805,sell,2025-11-20 17:07:06.519778967
1763658426.519779,75589.5,0.00010761,sell,2025-11-20 17:07:06.519778967
1763658426.5551677,75586.0,0.02037415,sell,2025-11-20 17:07:06.555167675
1763658426.5551677,75585.0,0.006,sell,2025-11-20 17:07:06.555167675
1763658426.5551677,75584.8,7.938e-05,sell,2025-11-20 17:07:06.555167675
1763658426.604185,75582.5,0.00026905,sell,2025-11-20 17:07:06.604185104
1763658426.604185,75580.7,0.00143,sell,2025-11-20 17:07:06.604185104
1763658426.604185,75580.6,0.00661546,sell,2025-11-20 17:07:06.604185104
1763658426.604185,75580.2,0.00134529,sell,2025-11-20 17:07:06.604185104
1763658426.604185,75579.0,0.00039693,sell,2025-11-20 17:07:06.604185104
1763658426.604185,75577.3,0.00661574,sell,2025-11-20 17:07:06.604185104
1763658426.604185,75562.8,0.00026912,sell,2025-11-20 17:07:06.604185104
1763658426.604185,75561.4,0.00010765,sell,2025-11-20 17:07:06.604185104
1763658427.005429,75555.5,0.0025,sell,2025-11-20 17:07:07.005429029
1763658427.005429,75555.0,0.01322983,sell,2025-11-20 17:07:07.005429029
1763658427.005429,75555.0,0.00066176,sell,2025-11-20 17:07:07.005429029
1763658427.005429,75555.0,7.941e-05,sell,2025-11-20 17:07:07.005429029
1763658427.005429,75555.0,0.05,sell,2025-11-20 17:07:07.005429029
1763658427.005429,75555.0,0.01058831,sell,2025-11-20 17:07:07.005429029
1763658427.005429,75555.0,0.01,sell,2025-11-20 17:07:07.005429029
1763658427.005429,75555.0,0.00924702,sell,2025-11-20 17:07:07.005429029
1763658427.005429,75555.0,0.00141222,sell,2025-11-20 17:07:07.005429029
1763658427.0054293,75554.0,0.00058675,sell,2025-11-20 17:07:07.005429268
1763658427.0054293,75553.9,0.00033088,sell,2025-11-20 17:07:07.005429268
1763658427.0054293,75551.6,0.00013458,sell,2025-11-20 17:07:07.005429268
1763658427.0054293,75551.0,0.0025,sell,2025-11-20 17:07:07.005429268
1763658427.0054293,75550.0,0.00032839,sell,2025-11-20 17:07:07.005429268
1763658427.0054293,75548.8,0.00053834,sell,2025-11-20 17:07:07.005429268
1763658427.0054293,75547.4,0.00010767,sell,2025-11-20 17:07:07.005429268
1763658427.0054293,75544.7,0.00033543,sell,2025-11-20 17:07:07.005429268
1763658427.1282969,75540.9,0.00150738,buy,2025-11-20 17:07:07.128296851
1763658427.1282969,75558.3,0.00099637,buy,2025-11-20 17:07:07.128296851
1763658427.132297,75559.8,0.00626426,buy,2025-11-20 17:07:07.132297039
1763658427.3257306,75540.7,0.00020585,sell,2025-11-20 17:07:07.325730562
1763658427.3279095,75556.1,0.00130366,buy,2025-11-20 17:07:07.327909470
1763658427.328129,75556.1,0.00130366,buy,2025-11-20 17:07:07.328129053
1763658427.329771,75556.1,0.00651832,buy,2025-11-20 17:07:07.329771042
1763658427.3312685,75556.1,0.01838153,buy,2025-11-20 17:07:07.331268549
1763658427.3312685,75559.8,0.04680165,buy,2025-11-20 17:07:07.331268549
1763658427.3349943,75557.7,0.01303664,buy,2025-11-20 17:07:07.334994316
1763658427.336361,75557.7,0.00325916,buy,2025-11-20 17:07:07.336360931
1763658427.3388987,75557.7,0.00054624,buy,2025-11-20 17:07:07.338898659
1763658427.3429596,75557.7,0.00330805,buy,2025-11-20 17:07:07.342959642
1763658427.3445492,75557.7,0.00013232,buy,2025-11-20 17:07:07.344549179
1763658427.3460324,75557.7,0.00039714,buy,2025-11-20 17:07:07.346032381
1763658427.3479908,75559.8,0.03910991,buy,2025-11-20 17:07:07.347990751
1763658427.3485186,75559.8,0.00026476,buy,2025-11-20 17:07:07.348518610
1763658427.3580968,75559.8,0.00015885,buy,2025-11-20 17:07:07.358096838
1763658427.3702867,75559.8,2.574e-05,buy,2025-11-20 17:07:07.370286703
1763658427.636176,75540.1,0.074537,buy,2025-11-20 17:07:07.636176109
1763658427.8813457,75540.1,0.00122755,buy,2025-11-20 17:07:07.881345749
1763658428.6459355,75540.0,0.00146798,sell,2025-11-20 17:07:08.645935535
1763658428.885122,75540.1,0.0014401,buy,2025-11-20 17:07:08.885122061
1763658429.1060474,75540.0,0.00480406,sell,2025-11-20 17:07:09.106047392
1763658429.1060474,75540.0,0.02647603,sell,2025-11-20 17:07:09.106047392
1763658429.1060474,75536.8,0.00130611,sell,2025-11-20 17:07:09.106047392
1763658429.1060474,75536.4,0.00032964,sell,2025-11-20 17:07:09.106047392
1763658429.1060474,75536.0,0.0048454,sell,2025-11-20 17:07:09.106047392
1763658429.1201677,75532.5,0.02543261,buy,2025-11-20 17:07:09.120167732
1763658429.122657,75532.5,0.00521695,buy,2025-11-20 17:07:09.122657061
1763658429.1280298,75531.2,0.00652118,buy,2025-11-20 17:07:09.128029822
1763658429.1318796,75531.2,0.00026085,buy,2025-11-20 17:07:09.131879568
1763658429.1366518,75531.2,0.00684724,buy,2025-11-20 17:07:09.136651754
1763658429.1389287,75531.2,0.01357073,buy,2025-11-20 17:07:09.138928652
1763658429.1389287,75532.5,0.00599282,buy,2025-11-20 17:07:09.138928652
1763658429.1430702,75531.2,0.00049865,buy,2025-11-20 17:07:09.143070221
1763658429.1454709,75531.2,0.00130424,buy,2025-11-20 17:07:09.145470858
1763658429.14617,75531.2,0.00652118,buy,2025-11-20 17:07:09.146169901
1763658429.1720698,75531.2,0.013238,buy,2025-11-20 17:07:09.172069788
1763658429.1783602,75531.2,0.00211808,buy,2025-11-20 17:07:09.178360224
1763658429.1849236,75531.2,0.0003225,buy,2025-11-20 17:07:09.184923649
1763658429.2788553,75531.1,0.00084415,sell,2025-11-20 17:07:09.278855324
1763658429.2788553,75531.0,0.00132395,sell,2025-11-20 17:07:09.278855324
1763658429.2788553,75526.3,0.0016155,sell,2025-11-20 17:07:09.278855324
1763658429.2788553,75514.9,0.00050755,sell,2025-11-20 17:07:09.278855324
1763658429.2788553,75512.0,0.00794575,sell,2025-11-20 17:07:09.278855324
1763658429.2788553,75512.0,0.00264859,sell,2025-11-20 17:07:09.278855324
1763658429.2788553,75510.7,6.621e-05,sell,2025-11-20 17:07:09.278855324
1763658429.2788553,75509.0,0.00662173,sell,2025-11-20 17:07:09.278855324
1763658429.2788553,75506.5,0.00038632,sell,2025-11-20 17:07:09.278855324
1763658429.2788553,75505.0,0.0018,sell,2025-11-20 17:07:09.278855324
1763658429.2788553,75504.9,0.004,sell,2025-11-20 17:07:09.278855324
1763658429.2788553,75501.0,0.00033112,sell,2025-11-20 17:07:09.278855324
1763658429.2788556,75501.0,0.00264897,sell,2025-11-20 17:07:09.278855562
1763658429.2788556,75500.5,0.00066226,sell,2025-11-20 17:07:09.278855562
1763658429.2788556,75500.1,5e-05,sell,2025-11-20 17:07:09.278855562
1763658429.2788556,75500.0,0.0275822,sell,2025-11-20 17:07:09.278855562
1763658429.4082055,75513.5,0.00084434,sell,2025-11-20 17:07:09.408205509
1763658429.4082055,75513.4,0.008,sell,2025-11-20 17:07:09.408205509
1763658429.4082055,75500.0,0.00553038,sell,2025-11-20 17:07:09.408205509
1763658429.4082055,75500.0,0.00013245,sell,2025-11-20 17:07:09.408205509
1763658429.4082055,75500.0,0.004,sell,2025-11-20 17:07:09.408205509
1763658429.4082055,75500.0,0.01324503,sell,2025-11-20 17:07:09.408205509
1763658429.4082055,75500.0,0.01437784,sell,2025-11-20 17:07:09.408205509
1763658429.4082055,75500.0,0.00066225,sell,2025-11-20 17:07:09.408205509
1763658429.4082055,75500.0,0.00198676,sell,2025-11-20 17:07:09.408205509
1763658429.4082055,75500.0,0.19867549,sell,2025-11-20 17:07:09.408205509
1763658429.4082055,75500.0,0.16423842,sell,2025-11-20 17:07:09.408205509
1763658429.4082055,75500.0,0.002649,sell,2025-11-20 17:07:09.408205509
1763658429.4082055,75500.0,0.01655629,sell,2025-11-20 17:07:09.408205509
1763658429.4082055,75500.0,0.0013245,sell,2025-11-20 17:07:09.408205509
1763658429.4082055,75500.0,0.00131615,sell,2025-11-20 17:07:09.408205509
1763658429.4082057,75500.0,0.005,sell,2025-11-20 17:07:09.408205748
1763658429.4082057,75500.0,0.01192053,sell,2025-11-20 17:07:09.408205748
1763658429.4082057,75500.0,0.01986754,sell,2025-11-20 17:07:09.408205748
1763658429.4082057,75500.0,0.00074675,sell,2025-11-20 17:07:09.408205748
1763658429.4082057,75500.0,0.001,sell,2025-11-20 17:07:09.408205748
1763658429.4082057,75500.0,0.00662251,sell,2025-11-20 17:07:09.408205748
1763658429.4082057,75500.0,0.0016159,sell,2025-11-20 17:07:09.408205748
1763658429.4082057,75500.0,0.00041059,sell,2025-11-20 17:07:09.408205748
1763658429.4082057,75500.0,0.00263231,sell,2025-11-20 17:07:09.408205748
1763658429.4082057,75500.0,0.00198675,sell,2025-11-20 17:07:09.408205748
1763658429.4082057,75500.0,0.0013245,sell,2025-11-20 17:07:09.408205748
1763658429.4082057,75500.0,0.01324503,sell,2025-11-20 17:07:09.408205748
1763658429.4082057,75500.0,0.0013245,sell,2025-11-20 17:07:09.408205748
1763658429.4082057,75500.0,0.02649006,sell,2025-11-20 17:07:09.408205748
1763658429.4082057,75500.0,0.00129801,sell,2025-11-20 17:07:09.408205748
1763658429.4082057,75500.0,0.0003,sell,2025-11-20 17:07:09.408205748
1763658429.4082057,75500.0,0.0001,sell,2025-11-20 17:07:09.408205748
1763658429.408206,75500.0,0.26490067,sell,2025-11-20 17:07:09.408205986
1763658429.408206,75500.0,0.0013245,sell,2025-11-20 17:07:09.408205986
1763658429.408206,75500.0,0.0013245,sell,2025-11-20 17:07:09.408205986
1763658429.408206,75500.0,0.0013245,sell,2025-11-20 17:07:09.408205986
1763658429.408206,75500.0,0.0039735,sell,2025-11-20 17:07:09.408205986
1763658429.408206,75500.0,0.00013245,sell,2025-11-20 17:07:09.408205986
1763658429.408206,75500.0,0.00662251,sell,2025-11-20 17:07:09.408205986
1763658429.408206,75500.0,0.005,sell,2025-11-20 17:07:09.408205986
1763658429.408206,75500.0,0.00066225,sell,2025-11-20 17:07:09.408205986
1763658429.408206,75500.0,5e-05,sell,2025-11-20 17:07:09.408205986
1763658429.408206,75500.0,0.005,sell,2025-11-20 17:07:09.408205986
1763658429.408206,75500.0,6.622e-05,sell,2025-11-20 17:07:09.408205986
1763658429.408206,75500.0,0.003,sell,2025-11-20 17:07:09.408205986
1763658429.408206,75500.0,0.0238693,sell,2025-11-20 17:07:09.408205986
1763658429.408206,75500.0,0.00132451,sell,2025-11-20 17:07:09.408205986
1763658429.408206,75500.0,0.0039735,sell,2025-11-20 17:07:09.408205986
1763658429.408206,75500.0,0.00659615,sell,2025-11-20 17:07:09.408205986
1763658429.4082062,75500.0,0.01324503,sell,2025-11-20 17:07:09.408206224
1763658429.4082062,75500.0,0.0039735,sell,2025-11-20 17:07:09.408206224
1763658429.4082062,75500.0,0.01324503,sell,2025-11-20 17:07:09.408206224
1763658429.4082062,75500.0,0.01,sell,2025-11-20 17:07:09.408206224
1763658429.4082062,75500.0,0.00331125,sell,2025-11-20 17:07:09.408206224
1763658429.4082062,75500.0,0.02649007,sell,2025-11-20 17:07:09.408206224
1763658429.4082062,75500.0,0.12670264,sell,2025-11-20 17:07:09.408206224
1763658429.4082062,75500.0,0.00050238,sell,2025-11-20 17:07:09.408206224
1763658429.4082062,75500.0,0.00198675,sell,2025-11-20 17:07:09.408206224
1763658429.4082062,75500.0,0.16820469,sell,2025-11-20 17:07:09.408206224
1763658429.4082062,75500.0,0.00331125,sell,2025-11-20 17:07:09.408206224
1763658429.4082062,75500.0,0.0034437,sell,2025-11-20 17:07:09.408206224
1763658429.4082062,75500.0,0.00016556,sell,2025-11-20 17:07:09.408206224
1763658429.4082062,75500.0,0.005,sell,2025-11-20 17:07:09.408206224
1763658429.4082062,75500.0,0.00330291,sell,2025-11-20 17:07:09.408206224
1763658429.4082062,75500.0,0.00107499,sell,2025-11-20 17:07:09.408206224
1763658429.4082062,75500.0,0.00331125,sell,2025-11-20 17:07:09.408206224
1763658429.4082065,75500.0,0.00430464,sell,2025-11-20 17:07:09.408206463
1763658429.4082065,75500.0,0.00019867,sell,2025-11-20 17:07:09.408206463
1763658429.4082065,75500.0,6.622e-05,sell,2025-11-20 17:07:09.408206463
1763658429.4082065,75500.0,0.02649006,sell,2025-11-20 17:07:09.408206463
1763658429.4082065,75500.0,0.0013245,sell,2025-11-20 17:07:09.408206463
1763658429.4082065,75500.0,0.01,sell,2025-11-20 17:07:09.408206463
1763658429.4082065,75500.0,0.00131589,sell,2025-11-20 17:07:09.408206463
1763658429.4082065,75500.0,0.0002649,sell,2025-11-20 17:07:09.408206463
1763658429.4082065,75500.0,0.00066225,sell,2025-11-20 17:07:09.408206463
1763658429.4082065,75500.0,0.00078843,sell,2025-11-20 17:07:09.408206463
1763658429.4082065,75500.0,0.00132516,sell,2025-11-20 17:07:09.408206463
1763658429.4082065,75500.0,0.001,sell,2025-11-20 17:07:09.408206463
1763658429.4082065,75500.0,0.00013245,sell,2025-11-20 17:07:09.408206463
1763658429.4082065,75500.0,0.00264901,sell,2025-11-20 17:07:09.408206463
1763658429.4082065,75500.0,0.00264901,sell,2025-11-20 17:07:09.408206463
1763658429.4082065,75500.0,0.00662251,sell,2025-11-20 17:07:09.408206463
1763658429.4082065,75500.0,0.00662252,sell,2025-11-20 17:07:09.408206463
1763658429.4082067,75500.0,0.00662251,sell,2025-11-20 17:07:09.408206701
1763658429.4082067,75500.0,0.00066225,sell,2025-11-20 17:07:09.408206701
1763658429.4082067,75500.0,0.01088874,sell,2025-11-20 17:07:09.408206701
1763658429.4082067,75500.0,0.00264901,sell,2025-11-20 17:07:09.408206701
1763658429.4082067,75500.0,0.002649,sell,2025-11-20 17:07:09.408206701
1763658429.4082067,75500.0,0.01,sell,2025-11-20 17:07:09.408206701
1763658429.4082067,75500.0,0.00662251,sell,2025-11-20 17:07:09.408206701
1763658429.4082067,75500.0,0.02088423,sell,2025-11-20 17:07:09.408206701
1763658429.4082067,75500.0,0.00013245,sell,2025-11-20 17:07:09.408206701
1763658429.4082067,75500.0,0.00710201,sell,2025-11-20 17:07:09.408206701
1763658429.4082067,75500.0,0.00010586,sell,2025-11-20 17:07:09.408206701
1763658429.4082067,75500.0,0.00066225,sell,2025-11-20 17:07:09.408206701
1763658429.4082067,75500.0,0.0013245,sell,2025-11-20 17:07:09.408206701
1763658429.4082067,75500.0,0.00165562,sell,2025-11-20 17:07:09.408206701
1763658429.4082067,75500.0,0.00131125,sell,2025-11-20 17:07:09.408206701
1763658429.4082067,75500.0,0.02649006,sell,2025-11-20 17:07:09.408206701
1763658429.4082067,75500.0,0.002649,sell,2025-11-20 17:07:09.408206701
1763658429.408207,75500.0,0.01324503,sell,2025-11-20 17:07:09.408206940
1763658429.408207,75500.0,0.00066225,sell,2025-11-20 17:07:09.408206940
1763658429.408207,75500.0,0.00397351,sell,2025-11-20 17:07:09.408206940
1763658429.408207,75500.0,0.0013245,sell,2025-11-20 17:07:09.408206940
1763658429.408207,75500.0,0.03960264,sell,2025-11-20 17:07:09.408206940
1763658429.408207,75500.0,0.10331126,sell,2025-11-20 17:07:09.408206940
1763658429.408207,75500.0,0.005,sell,2025-11-20 17:07:09.408206940
1763658429.408207,75500.0,0.0013245,sell,2025-11-20 17:07:09.408206940
1763658429.408207,75500.0,0.00066225,sell,2025-11-20 17:07:09.408206940
1763658429.408207,75499.4,0.00745873,sell,2025-11-20 17:07:09.408206940
1763658429.408207,75496.9,0.00053871,sell,2025-11-20 17:07:09.408206940
1763658429.408207,75494.1,0.00649256,sell,2025-11-20 17:07:09.408206940
1763658429.4162197,75487.7,0.00012,sell,2025-11-20 17:07:09.416219711
1763658429.4162197,75487.1,0.00026939,sell,2025-11-20 17:07:09.416219711
1763658429.4162197,75483.1,0.00018679,sell,2025-11-20 17:07:09.416219711
1763658429.4162197,75478.5,0.00191908,sell,2025-11-20 17:07:09.416219711
1763658429.5001526,75476.2,0.00084476,sell,2025-11-20 17:07:09.500152587
1763658429.5001526,75475.3,0.00052287,sell,2025-11-20 17:07:09.500152587
1763658429.5001526,75474.0,0.00039748,sell,2025-11-20 17:07:09.500152587
1763658429.5410178,75472.1,0.14549093,buy,2025-11-20 17:07:09.541017771
1763658429.6358657,75490.3,0.00099291,buy,2025-11-20 17:07:09.635865688
1763658429.9279923,75507.0,0.0272,buy,2025-11-20 17:07:09.927992344
1763658430.0601046,75501.9,3.895e-05,buy,2025-11-20 17:07:10.060104609
1763658430.198569,75490.3,0.00027403,buy,2025-11-20 17:07:10.198569059
1763658430.2061677,75490.3,0.0013049,buy,2025-11-20 17:07:10.206167698
1763658430.2082775,75490.3,0.00137014,buy,2025-11-20 17:07:10.208277464
1763658430.2097542,75490.3,0.0065245,buy,2025-11-20 17:07:10.209754229
1763658430.210372,75490.3,0.0026098,buy,2025-11-20 17:07:10.210371971
1763658430.2126417,75490.3,0.00078294,buy,2025-11-20 17:07:10.212641716
1763658430.213432,75490.3,0.0026098,buy,2025-11-20 17:07:10.213432074
1763658430.2169635,75490.3,0.00013245,buy,2025-11-20 17:07:10.216963530
1763658430.2176428,75490.3,0.13067921,buy,2025-11-20 17:07:10.217642784
1763658430.590776,75507.4,0.0229,buy,2025-11-20 17:07:10.590775967
1763658430.6364832,75498.0,0.01509433,sell,2025-11-20 17:07:10.636483192
1763658430.6365643,75498.0,0.01210567,sell,2025-11-20 17:07:10.636564255
1763658430.6365643,75478.7,0.002317,sell,2025-11-20 17:07:10.636564255
1763658430.6365645,75474.9,0.00030881,sell,2025-11-20 17:07:10.636564493
1763658430.6365645,75474.9,0.001,sell,2025-11-20 17:07:10.636564493
1763658430.6365645,75472.1,0.00084481,sell,2025-11-20 17:07:10.636564493
1763658430.6365645,75472.0,0.01325,sell,2025-11-20 17:07:10.636564493
1763658430.6365645,75469.6,0.07017371,sell,2025-11-20 17:07:10.636564493
1763658430.636944,75507.2,0.00013246,buy,2025-11-20 17:07:10.636944056
1763658430.664821,75479.0,0.00318029,sell,2025-11-20 17:07:10.664820910
1763658431.0742838,75507.0,0.05951977,sell,2025-11-20 17:07:11.074283838
1763658432.1545265,75507.1,0.01892709,buy,2025-11-20 17:07:12.154526472
1763658432.7230835,75574.9,0.00012761,buy,2025-11-20 17:07:12.723083496
1763658432.9904172,75574.7,0.0125445,buy,2025-11-20 17:07:12.990417242
1763658433.3692143,75574.6,0.00031054,buy,2025-11-20 17:07:13.369214296
1763658433.3898325,75574.6,0.00031536,buy,2025-11-20 17:07:13.389832497
1763658433.4513795,75574.6,0.00063403,buy,2025-11-20 17:07:13.451379538
1763658434.9887047,75575.6,0.00304146,buy,2025-11-20 17:07:14.988704681
1763658435.2373087,75596.8,0.0001,buy,2025-11-20 17:07:15.237308741
1763658435.2373087,75607.5,0.00041815,buy,2025-11-20 17:07:15.237308741
1763658435.444033,75574.9,0.00129742,buy,2025-11-20 17:07:15.444032907
1763658435.761185,75565.6,0.00065405,buy,2025-11-20 17:07:15.761184931
1763658436.104676,75557.5,0.00065405,buy,2025-11-20 17:07:16.104676008
1763658436.426513,75548.4,0.00025395,buy,2025-11-20 17:07:16.426512957
1763658436.442733,75548.4,0.00032802,buy,2025-11-20 17:07:16.442733049
1763658436.75035,75558.7,0.00064784,buy,2025-11-20 17:07:16.750349998
1763658436.8586366,75558.7,0.00048967,buy,2025-11-20 17:07:16.858636618
1763658438.1429095,75558.6,0.0031643,buy,2025-11-20 17:07:18.142909527
1763658438.7196796,75558.6,0.0015657,buy,2025-11-20 17:07:18.719679594
1763658440.1952047,75607.8,0.0272,buy,2025-11-20 17:07:20.195204735
1763658440.1952047,75615.6,0.57334807,buy,2025-11-20 17:07:20.195204735
1763658440.1952047,75615.7,0.01068191,buy,2025-11-20 17:07:20.195204735
1763658441.4847116,75655.7,0.00043061,buy,2025-11-20 17:07:21.484711647
1763658442.0435648,75631.9,0.0005499,sell,2025-11-20 17:07:22.043564796
1763658442.238756,75637.4,0.00079,buy,2025-11-20 17:07:22.238755941
1763658442.5333335,75623.8,0.001,sell,2025-11-20 17:07:22.533333540
1763658442.5333335,75608.9,0.0272,sell,2025-11-20 17:07:22.533333540
1763658442.5333335,75598.5,0.00292971,sell,2025-11-20 17:07:22.533333540
1763658444.9209476,75612.6,0.00315164,sell,2025-11-20 17:07:24.920947552
1763658445.0891705,75617.1,2.593e-05,buy,2025-11-20 17:07:25.089170456
1763658445.1374745,75596.3,0.0272,sell,2025-11-20 17:07:25.137474537
1763658445.1374745,75593.9,0.788414,sell,2025-11-20 17:07:25.137474537
1763658445.1374745,75579.8,0.17208567,sell,2025-11-20 17:07:25.137474537
1763658445.1374745,75578.3,0.02646262,sell,2025-11-20 17:07:25.137474537
1763658445.1374745,75574.8,0.00023817,sell,2025-11-20 17:07:25.137474537
1763658445.1374745,75573.4,0.85029039,sell,2025-11-20 17:07:25.137474537
1763658445.2715824,75573.5,0.0008262,sell,2025-11-20 17:07:25.271582365
1763658445.2815297,75573.5,0.00223402,sell,2025-11-20 17:07:25.281529665
1763658445.2815297,75573.5,0.00079527,sell,2025-11-20 17:07:25.281529665
1763658445.4522493,75608.6,0.0002,buy,2025-11-20 17:07:25.452249289
1763658445.6207433,75608.3,0.05130884,buy,2025-11-20 17:07:25.620743275
1763658446.6616423,75619.6,0.00133229,buy,2025-11-20 17:07:26.661642313
1763658447.895897,75625.8,0.00528877,buy,2025-11-20 17:07:27.895896912
1763658448.073649,75625.6,0.00047603,buy,2025-11-20 17:07:28.073648930
1763658448.0862138,75625.4,0.00123259,buy,2025-11-20 17:07:28.086213827
1763658450.9434366,75652.2,0.0012933,buy,2025-11-20 17:07:30.943436623
1763658451.8206575,75652.0,0.00313739,buy,2025-11-20 17:07:31.820657492
1763658452.1589062,75651.9,0.01,buy,2025-11-20 17:07:32.158906221
1763658452.373261,75652.1,0.0004594,buy,2025-11-20 17:07:32.373260975
1763658452.5880609,75652.0,0.0001,sell,2025-11-20 17:07:32.588060856
1763658453.8601372,75651.9,0.001,sell,2025-11-20 17:07:33.860137224
1763658456.7605493,75561.1,0.00188732,buy,2025-11-20 17:07:36.760549307
1763658457.109166,75561.1,0.00101443,buy,2025-11-20 17:07:37.109165907
1763658459.3786383,75585.9,0.00039657,buy,2025-11-20 17:07:39.378638268
1763658459.484374,75577.5,0.17210061,sell,2025-11-20 17:07:39.484374046
1763658459.484374,75577.5,0.0272,sell,2025-11-20 17:07:39.484374046
1763658459.484374,75570.5,0.07605452,sell,2025-11-20 17:07:39.484374046
1763658459.484374,75547.8,0.01992,sell,2025-11-20 17:07:39.484374046
1763658459.4843743,75547.7,0.2480272,sell,2025-11-20 17:07:39.484374285
1763658459.643933,75585.5,0.00130316,buy,2025-11-20 17:07:39.643933058
1763658460.5246155,75585.1,6.187e-05,buy,2025-11-20 17:07:40.524615526
1763658460.631308,75585.1,0.00010706,buy,2025-11-20 17:07:40.631308079
1763658461.7297587,75569.4,0.00312484,sell,2025-11-20 17:07:41.729758739
1763658462.4161332,75594.0,0.01304748,buy,2025-11-20 17:07:42.416133165
1763658464.0630207,75625.4,0.0001,buy,2025-11-20 17:07:44.063020705
1763658464.0630207,75655.6,0.0051008,buy,2025-11-20 17:07:44.063020705
1763658467.232919,75659.2,0.00027063,buy,2025-11-20 17:07:47.232918978
1763658467.232919,75659.2,0.01819937,buy,2025-11-20 17:07:47.232918978
1763658467.5871568,75659.2,0.00128057,buy,2025-11-20 17:07:47.587156773
1763658468.3855867,75642.7,0.00067808,sell,2025-11-20 17:07:48.385586739
1763658469.1624851,75644.5,0.00128644,buy,2025-11-20 17:07:49.162485123
1763658471.0523343,75659.2,0.00128646,buy,2025-11-20 17:07:51.052334309
1763658471.2469342,75659.2,0.0009252,buy,2025-11-20 17:07:51.246934175
1763658472.953333,75659.2,0.00033057,buy,2025-11-20 17:07:52.953332901
1763658472.987629,75659.2,0.02654454,buy,2025-11-20 17:07:52.987628937
1763658473.0034132,75659.2,0.00101,buy,2025-11-20 17:07:53.003413200
1763658473.8829467,75659.2,0.00310854,buy,2025-11-20 17:07:53.882946730
1763658476.008856,75659.2,0.00025727,buy,2025-11-20 17:07:56.008856058
1763658477.5762737,75659.2,0.00018214,buy,2025-11-20 17:07:57.576273680
1763658477.5997272,75659.1,0.00154781,sell,2025-11-20 17:07:57.599727154
1763658478.6922026,75659.2,0.00013039,buy,2025-11-20 17:07:58.692202568
1763658478.8981764,75659.1,0.00060135,sell,2025-11-20 17:07:58.898176432
1763658481.0473902,75659.2,0.00133192,buy,2025-11-20 17:08:01.047390223
1763658482.1078718,75659.2,0.00246149,buy,2025-11-20 17:08:02.107871771
1763658482.340554,75659.1,0.00309611,sell,2025-11-20 17:08:02.340553999
1763658483.2459803,75659.2,0.0027756,buy,2025-11-20 17:08:03.245980263
1763658483.5436988,75659.1,0.07080925,sell,2025-11-20 17:08:03.543698788
1763658483.5436988,75659.1,0.00660859,sell,2025-11-20 17:08:03.543698788
1763658483.5436988,75641.4,0.0489372,sell,2025-11-20 17:08:03.543698788
1763658483.6751835,75652.7,0.00043004,buy,2025-11-20 17:08:03.675183535
1763658483.9002156,75652.6,0.00121091,sell,2025-11-20 17:08:03.900215626
1763658484.1266603,75652.5,0.00010755,buy,2025-11-20 17:08:04.126660347
1763658484.3066988,75652.5,0.01280952,buy,2025-11-20 17:08:04.306698799
1763658484.306699,75659.2,0.00097053,buy,2025-11-20 17:08:04.306699038
1763658484.4150379,75659.1,4.229e-05,buy,2025-11-20 17:08:04.415037870
1763658485.9778287,75659.2,0.00012739,buy,2025-11-20 17:08:05.977828741
1763658486.0341403,75659.2,0.13372465,buy,2025-11-20 17:08:06.034140348
1763658488.0141413,75659.2,0.01321716,buy,2025-11-20 17:08:08.014141321
1763658488.7577195,75659.2,0.00217948,buy,2025-11-20 17:08:08.757719517
1763658489.9069312,75659.2,0.0023,buy,2025-11-20 17:08:09.906931162
1763658489.9293723,75659.2,0.07774955,buy,2025-11-20 17:08:09.929372311
1763658489.9301448,75659.2,0.14280673,buy,2025-11-20 17:08:09.930144787
1763658489.9303455,75659.2,0.06281004,buy,2025-11-20 17:08:09.930345535
1763658489.9303455,75659.2,0.00132495,buy,2025-11-20 17:08:09.930345535
1763658490.1640003,75700.0,0.02037021,buy,2025-11-20 17:08:10.164000273
1763658490.8083823,75700.1,0.1349,buy,2025-11-20 17:08:10.808382273
1763658490.8107288,75700.1,0.0651,buy,2025-11-20 17:08:10.810728788
1763658491.4209814,75706.0,0.0001,buy,2025-11-20 17:08:11.420981407
1763658491.7044098,75710.3,0.00130876,buy,2025-11-20 17:08:11.704409838
1763658492.4031873,75762.0,0.00160334,buy,2025-11-20 17:08:12.403187275
1763658492.5378945,75730.9,0.01144,sell,2025-11-20 17:08:12.537894487
1763658492.5378945,75730.8,0.02745005,sell,2025-11-20 17:08:12.537894487
1763658492.5378945,75730.7,0.06110995,sell,2025-11-20 17:08:12.537894487
1763658492.9701002,75753.5,5.618e-05,buy,2025-11-20 17:08:12.970100164
1763658493.9559927,75744.5,0.01980342,buy,2025-11-20 17:08:13.955992699
1763658494.0857565,75736.7,0.00374757,buy,2025-11-20 17:08:14.085756540
1763658494.4490163,75736.7,0.00258401,buy,2025-11-20 17:08:14.449016333
1763658495.535079,75736.7,0.00126989,buy,2025-11-20 17:08:15.535079002
1763658496.2045083,75736.7,0.01,buy,2025-11-20 17:08:16.204508305
1763658496.7810717,75791.5,0.01292005,buy,2025-11-20 17:08:16.781071663
1763658497.1610775,75791.6,0.00387601,buy,2025-11-20 17:08:17.161077499
1763658497.4419563,75791.6,0.00387601,buy,2025-11-20 17:08:17.441956282
1763658497.471115,75791.6,0.00097492,buy,2025-11-20 17:08:17.471115112
1763658497.697273,75796.2,0.00387601,buy,2025-11-20 17:08:17.697273016
1763658497.7799242,75796.1,0.00031005,buy,2025-11-20 17:08:17.779924154
1763658497.9258718,75796.1,0.01033604,buy,2025-11-20 17:08:17.925871849
1763658497.97899,75760.4,0.0002,sell,2025-11-20 17:08:17.978990078
1763658498.136228,75803.1,0.0009717,buy,2025-11-20 17:08:18.136228085
1763658498.2020946,75760.4,0.01972,sell,2025-11-20 17:08:18.202094555
1763658498.2020946,75760.3,0.011916,sell,2025-11-20 17:08:18.202094555
1763658498.2020946,75757.5,0.02640002,sell,2025-11-20 17:08:18.202094555
1763658498.2020946,75749.7,0.26402744,sell,2025-11-20 17:08:18.202094555
1763658498.2020946,75746.2,0.00335996,sell,2025-11-20 17:08:18.202094555
1763658498.2020946,75746.2,0.00335996,sell,2025-11-20 17:08:18.202094555
1763658498.2020946,75746.2,0.00335996,sell,2025-11-20 17:08:18.202094555
1763658498.2020946,75746.2,0.00335996,sell,2025-11-20 17:08:18.202094555
1763658498.2020946,75746.2,0.00335996,sell,2025-11-20 17:08:18.202094555
1763658498.2020946,75746.2,0.00335996,sell,2025-11-20 17:08:18.202094555
1763658498.2020946,75746.2,0.00335996,sell,2025-11-20 17:08:18.202094555
1763658498.2020946,75746.2,0.00335996,sell,2025-11-20 17:08:18.202094555
1763658498.2020946,75746.2,0.00335996,sell,2025-11-20 17:08:18.202094555
1763658498.2020946,75746.2,0.00335996,sell,2025-11-20 17:08:18.202094555
1763658498.2020946,75746.2,0.00335996,sell,2025-11-20 17:08:18.202094555
1763658498.2020946,75746.2,0.00335996,sell,2025-11-20 17:08:18.202094555
1763658498.2020948,75746.2,0.00335996,sell,2025-11-20 17:08:18.202094793
1763658498.2020948,75746.1,0.03960599,sell,2025-11-20 17:08:18.202094793
1763658498.2020948,75742.9,0.02387955,sell,2025-11-20 17:08:18.202094793
1763658498.7092652,75801.6,0.00025838,buy,2025-11-20 17:08:18.709265232
1763658499.1664987,75786.7,0.00116269,buy,2025-11-20 17:08:19.166498661
1763658499.518769,75786.4,0.00012919,buy,2025-11-20 17:08:19.518769025
1763658499.5878417,75786.4,0.01286342,buy,2025-11-20 17:08:19.587841749
1763658499.7708197,75793.4,0.001292,buy,2025-11-20 17:08:19.770819664
1763658500.114335,75793.3,0.00126562,buy,2025-11-20 17:08:20.114335060
1763658500.1159348,75793.3,0.00019965,buy,2025-11-20 17:08:20.115934849
1763658500.408669,75793.4,0.00129131,buy,2025-11-20 17:08:20.408668995
1763658500.647488,75793.3,0.00065178,buy,2025-11-20 17:08:20.647488117
1763658501.0237467,75793.3,0.00065178,buy,2025-11-20 17:08:21.023746729
1763658501.4264426,75793.4,0.00065178,buy,2025-11-20 17:08:21.426442623
1763658501.6583261,75793.4,0.00065178,buy,2025-11-20 17:08:21.658326149
1763658501.8630157,75793.4,0.00065178,buy,2025-11-20 17:08:21.863015652
1763658502.0992546,75793.4,0.00065178,buy,2025-11-20 17:08:22.099254608
1763658502.3103707,75793.4,0.00065178,buy,2025-11-20 17:08:22.310370684
1763658502.533542,75809.0,0.00258361,buy,2025-11-20 17:08:22.533541917
1763658502.7251422,75809.0,0.00065178,buy,2025-11-20 17:08:22.725142241
1763658503.0191948,75809.0,0.00130047,buy,2025-11-20 17:08:23.019194841
1763658503.2086759,75809.0,0.00129304,buy,2025-11-20 17:08:23.208675861
1763658503.4368367,75809.0,0.00065178,buy,2025-11-20 17:08:23.436836720
1763658503.535196,75809.0,0.01824652,buy,2025-11-20 17:08:23.535196066
1763658503.5435324,75811.5,0.00392628,buy,2025-11-20 17:08:23.543532372
1763658503.6767304,75815.5,6.457e-05,buy,2025-11-20 17:08:23.676730394
1763658503.9053962,75815.5,3.543e-05,buy,2025-11-20 17:08:23.905396223
1763658503.9053962,75866.3,9.375e-05,buy,2025-11-20 17:08:23.905396223
1763658503.9928224,75866.3,0.00131752,buy,2025-11-20 17:08:23.992822409
1763658504.1362343,75866.2,0.00645654,buy,2025-11-20 17:08:24.136234283
1763658504.3441765,75857.0,0.00248891,buy,2025-11-20 17:08:24.344176531
1763658504.3441765,75857.1,0.00074369,buy,2025-11-20 17:08:24.344176531
1763658504.6026115,75865.7,0.00012912,buy,2025-11-20 17:08:24.602611542
1763658504.8241162,75865.5,0.0012918,buy,2025-11-20 17:08:24.824116230
1763658505.0529754,75865.7,0.00131812,buy,2025-11-20 17:08:25.052975416
1763658505.1673741,75866.1,0.0001293,buy,2025-11-20 17:08:25.167374134
1763658505.3636494,75866.1,6.082e-05,buy,2025-11-20 17:08:25.363649368
1763658505.570308,75866.1,0.0004263,buy,2025-11-20 17:08:25.570307970
1763658505.7635674,75866.1,0.00322827,buy,2025-11-20 17:08:25.763567448
1763658506.0012465,75881.6,0.00065178,buy,2025-11-20 17:08:26.001246452
1763658506.1990552,75881.6,0.00051652,buy,2025-11-20 17:08:26.199055195
1763658506.3972094,75881.6,0.00648819,buy,2025-11-20 17:08:26.397209406
1763658506.588202,75881.6,0.00129304,buy,2025-11-20 17:08:26.588202000
1763658506.8873878,75881.6,0.00012913,buy,2025-11-20 17:08:26.887387753
1763658507.0787582,75881.6,0.00258237,buy,2025-11-20 17:08:27.078758240
1763658507.5335057,75909.2,0.00012287,buy,2025-11-20 17:08:27.533505678
1763658507.8009315,75908.7,0.00025499,buy,2025-11-20 17:08:27.800931454
1763658508.2125266,75895.1,0.01317608,buy,2025-11-20 17:08:28.212526560
1763658508.7785482,75897.3,5.357e-05,buy,2025-11-20 17:08:28.778548241
1763658508.9454691,75890.9,0.00184309,buy,2025-11-20 17:08:28.945469141
1763658509.5993168,75878.4,0.00307492,buy,2025-11-20 17:08:29.599316835
1763658509.6618423,75878.4,0.0043014,buy,2025-11-20 17:08:29.661842346
1763658510.3129601,75878.2,0.00026358,buy,2025-11-20 17:08:30.312960148
1763658511.5345685,75849.7,0.00036281,buy,2025-11-20 17:08:31.534568548
1763658512.5472972,75841.9,0.00272936,buy,2025-11-20 17:08:32.547297239
1763658513.995569,75839.7,0.00036149,buy,2025-11-20 17:08:33.995568991
1763658514.0113237,75839.7,6.381e-05,buy,2025-11-20 17:08:34.011323690
1763658514.3329902,75839.7,0.00010012,buy,2025-11-20 17:08:34.332990170
1763658514.7642126,75839.7,0.00013041,buy,2025-11-20 17:08:34.764212608
1763658514.8210406,75839.6,0.04505825,sell,2025-11-20 17:08:34.821040630
1763658518.332426,75849.6,0.0038676,buy,2025-11-20 17:08:38.332426071
1763658518.7762728,75849.6,0.00214554,buy,2025-11-20 17:08:38.776272774
1763658518.921953,75849.6,0.0004291,buy,2025-11-20 17:08:38.921952963
1763658519.077035,75849.6,0.00010727,buy,2025-11-20 17:08:39.077034950
1763658519.2408319,75849.6,0.00016819,buy,2025-11-20 17:08:39.240831852
1763658519.5175788,75849.7,0.00249595,buy,2025-11-20 17:08:39.517578840
1763658519.9519148,75855.4,0.00010714,buy,2025-11-20 17:08:39.951914787
1763658520.0577025,75855.4,0.0001155,buy,2025-11-20 17:08:40.057702541
1763658520.068964,75855.4,0.00042853,buy,2025-11-20 17:08:40.068964005
1763658522.3653994,75897.7,0.00273604,sell,2025-11-20 17:08:42.365399361
1763658522.4177146,75901.9,0.0068045,sell,2025-11-20 17:08:42.417714596
1763658523.9563375,75903.4,0.00010691,buy,2025-11-20 17:08:43.956337452
1763658524.0779936,75903.4,9.984e-05,buy,2025-11-20 17:08:44.077993631
1763658524.785482,75909.0,0.00025792,buy,2025-11-20 17:08:44.785481930
1763658524.796406,75909.0,0.00087208,buy,2025-11-20 17:08:44.796406031
1763658524.796406,75909.0,0.00043223,buy,2025-11-20 17:08:44.796406031
1763658525.239585,75898.2,0.00306262,sell,2025-11-20 17:08:45.239584923
1763658526.6444342,75881.7,0.01756584,buy,2025-11-20 17:08:46.644434214
1763658529.0024412,75882.3,0.24591618,sell,2025-11-20 17:08:49.002441168
1763658531.2081542,75860.9,0.00116797,buy,2025-11-20 17:08:51.208154202
1763658531.829108,75860.9,0.01237783,buy,2025-11-20 17:08:51.829108000
1763658531.9322398,75860.9,0.01799366,buy,2025-11-20 17:08:51.932239771
1763658533.040125,75839.7,0.0001312,buy,2025-11-20 17:08:53.040124893
1763658534.2145894,75839.7,0.00123362,buy,2025-11-20 17:08:54.214589357
1763658534.5885634,75839.7,0.00110065,buy,2025-11-20 17:08:54.588563442
1763658536.5618718,75853.3,0.00259439,buy,2025-11-20 17:08:56.561871767
1763658537.20152,75853.2,0.00054001,buy,2025-11-20 17:08:57.201519966
1763658538.608378,75860.9,0.00107021,buy,2025-11-20 17:08:58.608377934
1763658538.8876283,75860.9,0.00281808,buy,2025-11-20 17:08:58.887628317
1763658539.3381667,75860.9,0.01947475,buy,2025-11-20 17:08:59.338166714
1763658539.7257836,75860.9,0.0258471,buy,2025-11-20 17:08:59.725783587
1763658539.9182537,75860.9,0.00064492,buy,2025-11-20 17:08:59.918253660
1763658541.1834953,75862.8,0.00030545,buy,2025-11-20 17:09:01.183495283
1763658541.9002159,75841.0,0.00355153,sell,2025-11-20 17:09:01.900215864
1763658542.846194,75855.9,0.00050289,buy,2025-11-20 17:09:02.846194029
1763658544.0414555,75840.2,0.00012927,buy,2025-11-20 17:09:04.041455507
1763658544.832327,75839.7,0.00016743,buy,2025-11-20 17:09:04.832326889
1763658545.1585102,75839.7,0.00085781,buy,2025-11-20 17:09:05.158510208
1763658545.3204854,75839.6,0.00196467,sell,2025-11-20 17:09:05.320485353
1763658545.4798498,75823.3,0.00064056,sell,2025-11-20 17:09:05.479849815
1763658546.1385307,75792.1,0.00387655,buy,2025-11-20 17:09:06.138530731
1763658548.0471272,75792.1,0.00509956,buy,2025-11-20 17:09:08.047127247
1763658548.105039,75792.1,0.00178112,buy,2025-11-20 17:09:08.105038881
1763658548.9754672,75792.1,0.00011474,buy,2025-11-20 17:09:08.975467205
1763658549.132867,75792.1,0.00010013,buy,2025-11-20 17:09:09.132867097
1763658549.207066,75792.1,0.00064146,buy,2025-11-20 17:09:09.207066059
1763658549.519983,75792.0,0.01212687,sell,2025-11-20 17:09:09.519983053
1763658549.519983,75742.0,0.01992,sell,2025-11-20 17:09:09.519983053
1763658549.519983,75741.7,0.0317562,sell,2025-11-20 17:09:09.519983053
1763658549.519983,75739.5,0.17174662,sell,2025-11-20 17:09:09.519983053
1763658549.519983,75723.9,0.02641174,sell,2025-11-20 17:09:09.519983053
1763658549.519983,75723.5,0.05237,sell,2025-11-20 17:09:09.519983053
1763658549.519983,75718.4,0.02745704,sell,2025-11-20 17:09:09.519983053
1763658549.519983,75706.2,0.02680129,sell,2025-11-20 17:09:09.519983053
1763658549.519983,75706.0,0.0001,sell,2025-11-20 17:09:09.519983053
1763658549.519983,75704.5,0.00051,sell,2025-11-20 17:09:09.519983053
1763658549.519983,75702.6,0.000871,sell,2025-11-20 17:09:09.519983053
1763658549.5199833,75700.2,0.0005284,sell,2025-11-20 17:09:09.519983292
1763658549.5199833,75699.3,0.14309597,sell,2025-11-20 17:09:09.519983292
1763658549.5199833,75699.2,0.04809795,sell,2025-11-20 17:09:09.519983292
1763658549.5199833,75699.2,0.02780692,sell,2025-11-20 17:09:09.519983292
1763658549.654793,75759.2,0.00369012,sell,2025-11-20 17:09:09.654793024
1763658549.916179,75763.9,0.00010013,buy,2025-11-20 17:09:09.916178942
1763658550.9137897,75789.0,0.001424,buy,2025-11-20 17:09:10.913789749
1763658550.9137897,75791.9,0.008576,buy,2025-11-20 17:09:10.913789749
1763658551.5877523,75788.9,0.02,sell,2025-11-20 17:09:11.587752342
1763658551.5877523,75758.7,0.00173917,sell,2025-11-20 17:09:11.587752342
1763658552.4557726,75765.0,0.1063636,buy,2025-11-20 17:09:12.455772638
1763658557.5102818,75780.7,0.04006253,sell,2025-11-20 17:09:17.510281801
1763658558.3033485,75803.7,0.0012287,buy,2025-11-20 17:09:18.303348541
1763658560.522208,75789.7,0.00281808,sell,2025-11-20 17:09:20.522207975
1763658561.4043021,75775.1,0.00012719,buy,2025-11-20 17:09:21.404302120
1763658563.9701052,75773.7,0.00016836,buy,2025-11-20 17:09:23.970105171
1763658564.0378728,75773.7,0.00659807,buy,2025-11-20 17:09:24.037872791
1763658566.735078,75773.7,0.00147706,buy,2025-11-20 17:09:26.735078096
1763658566.8411167,75773.6,0.00021905,sell,2025-11-20 17:09:26.841116667
1763658567.007379,75753.2,0.00655087,sell,2025-11-20 17:09:27.007379055
1763658568.3669372,75711.9,0.00012847,buy,2025-11-20 17:09:28.366937160
1763658568.9380722,75704.4,0.00010003,buy,2025-11-20 17:09:28.938072205
1763658572.2795546,75712.8,0.00126,buy,2025-11-20 17:09:32.279554605
1763658572.8564992,75697.8,0.00032607,buy,2025-11-20 17:09:32.856499195
1763658573.401937,75697.7,0.008868,sell,2025-11-20 17:09:33.401937008
1763658574.723486,75697.8,0.00209406,buy,2025-11-20 17:09:34.723485947
1763658575.83664,75697.8,0.00654841,buy,2025-11-20 17:09:35.836639881
1763658578.9410446,75697.8,0.00041706,buy,2025-11-20 17:09:38.941044569
1763658579.7469804,75697.8,0.0128803,buy,2025-11-20 17:09:39.746980429
1763658580.2938867,75697.8,0.00578559,buy,2025-11-20 17:09:40.293886662
1763658580.3018591,75697.8,0.00010427,buy,2025-11-20 17:09:40.301859140
1763658580.3742685,75697.8,0.00330261,buy,2025-11-20 17:09:40.374268532
1763658582.5798054,75697.8,0.00132448,buy,2025-11-20 17:09:42.579805374
1763658582.9380326,75697.8,0.00128569,buy,2025-11-20 17:09:42.938032627
1763658584.1051621,75697.8,0.00052133,buy,2025-11-20 17:09:44.105162144
1763658584.3398795,75697.8,0.00506212,buy,2025-11-20 17:09:44.339879513
1763658585.1191645,75697.8,0.0006417,buy,2025-11-20 17:09:45.119164467
1763658585.2901769,75697.8,0.09136303,buy,2025-11-20 17:09:45.290176868
1763658585.551734,75697.8,0.00125432,buy,2025-11-20 17:09:45.551733971
1763658586.6738927,75697.8,0.00027413,buy,2025-11-20 17:09:46.673892736
1763658587.780679,75697.8,0.0007,buy,2025-11-20 17:09:47.780678988
1763658588.2031047,75697.7,0.00474013,sell,2025-11-20 17:09:48.203104734
1763658588.4605596,75697.7,0.00973286,sell,2025-11-20 17:09:48.460559607
1763658588.4605596,75678.7,0.05802774,sell,2025-11-20 17:09:48.460559607
1763658590.1580646,75692.9,0.00013432,buy,2025-11-20 17:09:50.158064604
1763658590.3445017,75692.7,0.00013034,buy,2025-11-20 17:09:50.344501734
1763658591.7316568,75692.7,0.00065078,buy,2025-11-20 17:09:51.731656790
1763658594.0746136,75677.3,0.00026367,buy,2025-11-20 17:09:54.074613571
1763658594.245852,75677.1,0.0064478,buy,2025-11-20 17:09:54.245851994
1763658594.7890096,75677.1,0.00261567,buy,2025-11-20 17:09:54.789009571
1763658595.3578172,75676.1,0.00192437,buy,2025-11-20 17:09:55.357817173
1763658598.0814445,75675.3,0.01281912,buy,2025-11-20 17:09:58.081444502
1763658599.4808252,75675.1,0.00129089,buy,2025-11-20 17:09:59.480825186
1763658600.6100664,75672.4,0.00022276,buy,2025-11-20 17:10:00.610066414
1763658601.0807018,75672.4,0.00010001,buy,2025-11-20 17:10:01.080701828
1763658602.2195625,75672.4,0.00132148,buy,2025-11-20 17:10:02.219562531
1763658602.9583678,75672.3,0.02427722,sell,2025-11-20 17:10:02.958367825
1763658603.1690814,75659.2,0.00372193,sell,2025-11-20 17:10:03.169081450
1763658603.1690814,75659.1,0.00129528,sell,2025-11-20 17:10:03.169081450
1763658604.164316,75601.3,0.01293488,buy,2025-11-20 17:10:04.164315939
1763658604.4201214,75601.1,0.0001,buy,2025-11-20 17:10:04.420121431
1763658604.6955042,75596.9,0.017,buy,2025-11-20 17:10:04.695504189
1763658604.793132,75596.9,0.00263323,buy,2025-11-20 17:10:04.793132067
1763658605.440649,75596.9,0.00529122,buy,2025-11-20 17:10:05.440649033
1763658605.6944773,75596.9,0.00054798,buy,2025-11-20 17:10:05.694477320
1763658606.999388,75596.9,0.00321649,buy,2025-11-20 17:10:06.999387980
1763658610.5397391,75596.9,0.0003307,buy,2025-11-20 17:10:10.539739132
1763658610.9664683,75596.9,0.00019263,buy,2025-11-20 17:10:10.966468334
1763658611.8135407,75596.9,0.00128612,buy,2025-11-20 17:10:11.813540697
1763658612.0682583,75596.9,0.00064766,buy,2025-11-20 17:10:12.068258286
1763658614.6877208,75596.9,0.00215199,buy,2025-11-20 17:10:14.687720776
1763658614.9331172,75596.9,0.00058267,buy,2025-11-20 17:10:14.933117151
1763658615.5536659,75596.9,0.01276662,buy,2025-11-20 17:10:15.553665876
1763658616.719901,75596.8,0.0001,sell,2025-11-20 17:10:16.719901085
1763658616.719901,75596.8,0.00066346,sell,2025-11-20 17:10:16.719901085
1763658617.609518,75596.9,0.00031867,buy,2025-11-20 17:10:17.609518051
1763658617.9045174,75596.9,0.00012708,buy,2025-11-20 17:10:17.904517412
1763658618.3678975,75616.1,0.00122303,buy,2025-11-20 17:10:18.367897511
1763658618.546851,75616.1,0.0006437,buy,2025-11-20 17:10:18.546850920
1763658619.0273938,75616.1,0.00215199,buy,2025-11-20 17:10:19.027393818
1763658619.0668464,75616.0,0.11661964,sell,2025-11-20 17:10:19.066846371
1763658619.8691897,75616.2,0.00042996,buy,2025-11-20 17:10:19.869189739
1763658619.9502532,75616.1,0.00060685,sell,2025-11-20 17:10:19.950253248
1763658620.0063274,75616.2,0.00043039,buy,2025-11-20 17:10:20.006327391
1763658620.296134,75616.2,0.00010738,buy,2025-11-20 17:10:20.296133995
1763658620.521119,75616.2,0.0249,buy,2025-11-20 17:10:20.521119118
1763658620.690467,75616.2,3.227e-05,buy,2025-11-20 17:10:20.690466881
1763658621.6325674,75671.3,0.01535139,sell,2025-11-20 17:10:21.632567406
1763658621.6325674,75670.6,0.05325182,sell,2025-11-20 17:10:21.632567406
1763658623.0417519,75686.0,0.0164729,buy,2025-11-20 17:10:23.041751862
1763658624.1188757,75676.5,0.00132141,buy,2025-11-20 17:10:24.118875742
1763658624.471772,75668.4,6.718e-05,buy,2025-11-20 17:10:24.471771955
1763658624.6544154,75640.7,0.00025593,buy,2025-11-20 17:10:24.654415369
1763658624.9403615,75639.4,0.00016871,buy,2025-11-20 17:10:24.940361500
1763658625.0761042,75639.1,0.00042994,buy,2025-11-20 17:10:25.076104164
1763658625.2150714,75638.9,0.00010738,buy,2025-11-20 17:10:25.215071440
1763658625.732391,75621.8,0.0051599,buy,2025-11-20 17:10:25.732391119
1763658626.1076062,75621.6,8.618e-05,buy,2025-11-20 17:10:26.107606173
1763658626.256127,75621.6,0.0001077,buy,2025-11-20 17:10:26.256127119
1763658626.475971,75617.5,0.00010008,buy,2025-11-20 17:10:26.475970984
1763658626.94457,75598.0,0.00120872,sell,2025-11-20 17:10:26.944570065
1763658628.4534507,75601.9,0.01238803,buy,2025-11-20 17:10:28.453450680
1763658628.4973352,75598.0,0.00048075,sell,2025-11-20 17:10:28.497335196
1763658631.690546,75628.1,0.0002827,buy,2025-11-20 17:10:31.690546036
1763658633.0696335,75624.5,0.001,sell,2025-11-20 17:10:33.069633484
1763658633.0696335,75618.0,0.00022303,sell,2025-11-20 17:10:33.069633484
1763658633.7840855,75625.2,0.01,buy,2025-11-20 17:10:33.784085512
1763658634.0693364,75624.1,0.00215123,buy,2025-11-20 17:10:34.069336414
1763658634.9389796,75623.4,0.00043023,buy,2025-11-20 17:10:34.938979626
1763658636.7863157,75623.4,0.00064821,buy,2025-11-20 17:10:36.786315680
1763658637.1806889,75602.2,0.00883412,sell,2025-11-20 17:10:37.180688858
1763658638.0159712,75598.3,0.00064743,buy,2025-11-20 17:10:38.015971184
1763658639.1059678,75604.4,0.01307604,buy,2025-11-20 17:10:39.105967760
1763658639.1789029,75604.3,0.46356399,sell,2025-11-20 17:10:39.178902864
1763658639.1800592,75604.3,0.00315381,sell,2025-11-20 17:10:39.180059195
1763658639.1802814,75604.3,0.0005,sell,2025-11-20 17:10:39.180281401
1763658639.1804845,75604.3,0.00236299,sell,2025-11-20 17:10:39.180484533
1763658639.1807039,75604.3,0.21108856,sell,2025-11-20 17:10:39.180703878
1763658639.2965565,75604.4,0.00132267,buy,2025-11-20 17:10:39.296556473
1763658639.7595549,75604.2,0.00010757,buy,2025-11-20 17:10:39.759554863
1763658640.086386,75604.2,0.00068615,buy,2025-11-20 17:10:40.086385965
1763658641.0081651,75604.4,0.0403674,buy,2025-11-20 17:10:41.008165120
1763658644.6093988,75603.1,0.00130287,buy,2025-11-20 17:10:44.609398842
1763658644.8308604,75603.6,0.00130287,buy,2025-11-20 17:10:44.830860376
1763658646.0082314,75598.0,0.00241099,buy,2025-11-20 17:10:46.008231400
1763658647.2605815,75598.0,0.00130228,buy,2025-11-20 17:10:47.260581493
1763658647.6446283,75597.9,0.00053799,sell,2025-11-20 17:10:47.644628286
1763658647.6446283,75597.9,0.01322788,sell,2025-11-20 17:10:47.644628286
1763658647.651253,75596.8,0.00133155,sell,2025-11-20 17:10:47.651252985
1763658647.6677144,75555.1,0.00129654,buy,2025-11-20 17:10:47.667714357
1763658648.2903135,75555.1,0.00082151,buy,2025-11-20 17:10:48.290313482
1763658648.4512033,75555.1,0.00196264,buy,2025-11-20 17:10:48.451203346
1763658649.1007273,75555.1,0.00039451,buy,2025-11-20 17:10:49.100727320
1763658649.3158758,75555.1,0.00268972,buy,2025-11-20 17:10:49.315875769
1763658649.5766113,75555.1,0.00163091,buy,2025-11-20 17:10:49.576611280
1763658650.629974,75555.1,0.0011,buy,2025-11-20 17:10:50.629973888
1763658651.8111684,75573.7,0.00026464,buy,2025-11-20 17:10:51.811168432
1763658654.041696,75573.7,6.551e-05,buy,2025-11-20 17:10:54.041696072
1763658654.4475553,75597.0,0.01294679,buy,2025-11-20 17:10:54.447555304
1763658654.5691764,75597.0,0.00330701,buy,2025-11-20 17:10:54.569176435
1763658656.3199189,75594.1,0.0039619,buy,2025-11-20 17:10:56.319918871
1763658656.3199189,75594.9,0.00937059,buy,2025-11-20 17:10:56.319918871
1763658656.6813061,75594.9,6.473e-05,buy,2025-11-20 17:10:56.681306124
1763658656.778792,75596.8,0.00455884,buy,2025-11-20 17:10:56.778791904
1763658658.278129,75597.0,0.00969438,buy,2025-11-20 17:10:58.278129101
1763658658.2784789,75597.0,0.00620333,buy,2025-11-20 17:10:58.278478861
1763658658.2795458,75597.0,0.00292861,buy,2025-11-20 17:10:58.279545784
1763658658.345482,75604.4,0.00023283,buy,2025-11-20 17:10:58.345482111
1763658659.091355,75604.4,6.514e-05,buy,2025-11-20 17:10:59.091355085
1763658659.2517066,75604.4,0.00043852,buy,2025-11-20 17:10:59.251706600
1763658659.635008,75596.8,0.0033,buy,2025-11-20 17:10:59.635008097
1763658659.7469718,75596.8,0.00010955,buy,2025-11-20 17:10:59.746971846
1763658660.0449753,75596.8,1.303e-05,buy,2025-11-20 17:11:00.044975281
1763658663.2369888,75596.7,0.00292869,sell,2025-11-20 17:11:03.236988783
1763658663.2369888,75596.7,0.001,sell,2025-11-20 17:11:03.236988783
1763658663.2530196,75564.7,0.00084377,sell,2025-11-20 17:11:03.253019571
1763658663.2530196,75555.0,0.00132353,sell,2025-11-20 17:11:03.253019571
1763658663.2530196,75540.6,0.01992,sell,2025-11-20 17:11:03.253019571
1763658663.2530196,75540.5,0.01862843,sell,2025-11-20 17:11:03.253019571
1763658663.7892,75553.7,0.00043739,buy,2025-11-20 17:11:03.789200068
1763658663.8650022,75553.6,0.01984014,buy,2025-11-20 17:11:03.865002155
1763658665.8824532,75559.8,0.00121091,sell,2025-11-20 17:11:05.882453203
1763658669.0445392,75559.7,0.00043063,buy,2025-11-20 17:11:09.044539213
1763658669.4172118,75559.7,0.00118542,buy,2025-11-20 17:11:09.417211771
1763658672.0571194,75573.5,0.04,sell,2025-11-20 17:11:12.057119370
1763658673.3355765,75564.5,0.00065035,buy,2025-11-20 17:11:13.335576534
1763658674.032134,75564.1,0.00016908,buy,2025-11-20 17:11:14.032134056
1763658674.8822675,75564.1,0.00010002,buy,2025-11-20 17:11:14.882267475
1763658675.040607,75564.1,0.00010761,buy,2025-11-20 17:11:15.040606976
1763658678.868418,75576.6,0.00166408,buy,2025-11-20 17:11:18.868417978
1763658680.0648663,75552.1,0.00062711,buy,2025-11-20 17:11:20.064866304
1763658681.5695686,75549.9,0.00132363,buy,2025-11-20 17:11:21.569568634
1763658686.0397637,75583.0,6.55e-05,buy,2025-11-20 17:11:26.039763689
1763658688.6478686,75559.3,0.00642523,buy,2025-11-20 17:11:28.647868633
1763658689.5934222,75565.1,0.01255157,buy,2025-11-20 17:11:29.593422174
1763658689.5934222,75565.1,0.019475,buy,2025-11-20 17:11:29.593422174
1763658689.5934222,75565.4,0.02597343,buy,2025-11-20 17:11:29.593422174
1763658689.8167505,75565.2,0.01,buy,2025-11-20 17:11:29.816750526
1763658690.030136,75565.2,0.00322424,buy,2025-11-20 17:11:30.030136108
1763658691.3765955,75549.8,0.00066181,sell,2025-11-20 17:11:31.376595497
1763658691.3765955,75536.7,0.00604163,sell,2025-11-20 17:11:31.376595497
1763658692.6405497,75512.9,0.00019084,buy,2025-11-20 17:11:32.640549660
1763658692.8164244,75512.9,0.00065398,buy,2025-11-20 17:11:32.816424370
1763658692.9066262,75512.9,0.0001,buy,2025-11-20 17:11:32.906626225
1763658693.816127,75512.9,0.00128501,buy,2025-11-20 17:11:33.816127062
1763658694.359239,75512.9,0.00080084,buy,2025-11-20 17:11:34.359239101
1763658694.8133516,75512.8,5e-05,sell,2025-11-20 17:11:34.813351631
1763658695.2528114,75512.9,0.00053679,buy,2025-11-20 17:11:35.252811432
1763658696.0412717,75505.2,0.00013048,buy,2025-11-20 17:11:36.041271687
1763658696.0878878,75501.6,0.00084448,sell,2025-11-20 17:11:36.087887764
1763658696.0878878,75500.0,0.01374904,sell,2025-11-20 17:11:36.087887764
1763658697.2697527,75500.0,0.00208289,sell,2025-11-20 17:11:37.269752741
1763658698.5364344,75502.5,0.00260977,buy,2025-11-20 17:11:38.536434412
1763658698.6940968,75502.5,0.00123667,buy,2025-11-20 17:11:38.694096804
1763658699.0589364,75502.1,0.00522668,buy,2025-11-20 17:11:39.058936357
1763658699.185844,75500.2,0.00430065,buy,2025-11-20 17:11:39.185843945
1763658699.7242193,75500.1,0.00129589,buy,2025-11-20 17:11:39.724219322
1763658700.2545555,75500.1,0.00260986,buy,2025-11-20 17:11:40.254555464
1763658700.2585297,75500.1,0.02609855,buy,2025-11-20 17:11:40.258529663
1763658700.2590256,75500.1,0.00260986,buy,2025-11-20 17:11:40.259025573
1763658700.2595723,75500.1,1.305e-05,buy,2025-11-20 17:11:40.259572268
1763658700.2602491,75500.1,0.00013049,buy,2025-11-20 17:11:40.260249138
1763658700.261184,75500.1,0.00130493,buy,2025-11-20 17:11:40.261183977
1763658700.2631195,75500.1,0.00260986,buy,2025-11-20 17:11:40.263119459
1763658700.2652059,75500.1,0.00652464,buy,2025-11-20 17:11:40.265205860
1763658700.268919,75500.1,0.00260986,buy,2025-11-20 17:11:40.268918991
1763658700.2695518,75500.1,0.00065246,buy,2025-11-20 17:11:40.269551754
1763658700.270462,75500.1,0.00652464,buy,2025-11-20 17:11:40.270462036
1763658700.2724135,75500.1,0.00326232,buy,2025-11-20 17:11:40.272413492
1763658700.2732859,75500.1,0.01304928,buy,2025-11-20 17:11:40.273285866
1763658700.275995,75500.1,0.0039735,buy,2025-11-20 17:11:40.275995016
1763658700.2768981,75500.1,0.00130493,buy,2025-11-20 17:11:40.276898146
1763658700.2776752,75500.1,0.00529801,buy,2025-11-20 17:11:40.277675152
1763658700.2811215,75500.1,0.00331125,buy,2025-11-20 17:11:40.281121492
1763658700.283197,75500.1,0.03914783,buy,2025-11-20 17:11:40.283196926
1763658700.2836287,75500.1,0.01581971,buy,2025-11-20 17:11:40.283628702
1763658700.2854388,75500.1,2.649e-05,buy,2025-11-20 17:11:40.285438776
1763658700.286112,75500.1,0.00198675,buy,2025-11-20 17:11:40.286112070
1763658700.2876718,75500.1,0.002649,buy,2025-11-20 17:11:40.287671804
1763658700.2878675,75500.1,0.02649003,buy,2025-11-20 17:11:40.287867546
1763658700.288394,75500.1,0.01324502,buy,2025-11-20 17:11:40.288393974
1763658700.2890103,75500.1,0.00013245,buy,2025-11-20 17:11:40.289010286
1763658700.2917385,75500.1,0.00662251,buy,2025-11-20 17:11:40.291738510
1763658700.292807,75500.1,0.0013245,buy,2025-11-20 17:11:40.292807102
1763658700.4829965,75500.1,0.0010455,buy,2025-11-20 17:11:40.482996464
1763658700.7370276,75500.1,0.00086034,buy,2025-11-20 17:11:40.737027645
1763658700.8806484,75500.1,0.00109,buy,2025-11-20 17:11:40.880648375
1763658701.4396336,75500.1,0.0062767,buy,2025-11-20 17:11:41.439633608
1763658701.5422525,75500.1,0.00130399,buy,2025-11-20 17:11:41.542252541
1763658701.6193485,75500.0,0.01324524,sell,2025-11-20 17:11:41.619348526
1763658701.62307,75500.0,0.02092283,sell,2025-11-20 17:11:41.623070002
1763658701.7008924,75487.8,0.0062767,buy,2025-11-20 17:11:41.700892448
1763658701.7690158,75487.8,0.00024794,buy,2025-11-20 17:11:41.769015789
1763658701.9320836,75487.8,0.00640903,buy,2025-11-20 17:11:41.932083607
1763658701.997078,75487.8,0.01883663,buy,2025-11-20 17:11:41.997077942
1763658702.701531,75487.8,0.00198708,buy,2025-11-20 17:11:42.701530933
1763658703.2145019,75487.8,0.01324717,buy,2025-11-20 17:11:43.214501858
1763658703.4213383,75487.7,0.0001,sell,2025-11-20 17:11:43.421338320
1763658704.1250117,75467.3,0.0002611,buy,2025-11-20 17:11:44.125011683
1763658704.1255841,75467.3,0.01697143,buy,2025-11-20 17:11:44.125584125
1763658704.1258152,75467.3,0.0013316,buy,2025-11-20 17:11:44.125815153
1763658704.3963635,75467.3,0.00010854,buy,2025-11-20 17:11:44.396363497
1763658704.8618333,75467.3,0.00011516,buy,2025-11-20 17:11:44.861833334
1763658704.9768622,75467.2,5e-05,sell,2025-11-20 17:11:44.976862192
1763658705.0050964,75467.3,0.00016145,buy,2025-11-20 17:11:45.005096436
1763658705.3588893,75467.3,0.00010003,buy,2025-11-20 17:11:45.358889341
1763658705.5867121,75467.2,0.00264461,sell,2025-11-20 17:11:45.586712122
1763658705.5867121,75460.0,0.00015701,sell,2025-11-20 17:11:45.586712122
1763658705.5867124,75459.1,6.626e-05,sell,2025-11-20 17:11:45.586712360
1763658705.5867124,75459.0,0.1,sell,2025-11-20 17:11:45.586712360
1763658705.5867124,75458.0,0.006,sell,2025-11-20 17:11:45.586712360
1763658705.5867124,75455.0,0.0040555,sell,2025-11-20 17:11:45.586712360
1763658705.5867124,75452.0,0.00331336,sell,2025-11-20 17:11:45.586712360
1763658705.5867124,75450.0,0.00331345,sell,2025-11-20 17:11:45.586712360
1763658705.5867124,75450.0,0.0066269,sell,2025-11-20 17:11:45.586712360
1763658705.5867124,75450.0,1.0,sell,2025-11-20 17:11:45.586712360
1763658705.5867124,75449.7,0.00044665,sell,2025-11-20 17:11:45.586712360
1763658705.5867124,75449.3,0.00010781,sell,2025-11-20 17:11:45.586712360
1763658705.6105275,75446.5,0.00010005,buy,2025-11-20 17:11:45.610527515
1763658706.6854053,75446.5,0.0013245,buy,2025-11-20 17:11:46.685405254
1763658706.7805943,75446.4,0.00161593,sell,2025-11-20 17:11:46.780594349
1763658706.7805943,75445.8,0.00021563,sell,2025-11-20 17:11:46.780594349
1763658706.7805943,75445.1,0.00053908,sell,2025-11-20 17:11:46.780594349
1763658706.7805943,75445.1,0.00053908,sell,2025-11-20 17:11:46.780594349
1763658706.7805943,75445.1,0.00053908,sell,2025-11-20 17:11:46.780594349
1763658706.7805943,75444.6,0.00539083,sell,2025-11-20 17:11:46.780594349
1763658706.7805943,75439.5,0.00026956,sell,2025-11-20 17:11:46.780594349
1763658706.8249996,75422.1,0.00125273,buy,2025-11-20 17:11:46.824999571
1763658706.8271654,75422.1,0.00063404,buy,2025-11-20 17:11:46.827165365
1763658706.9810538,75422.1,5e-05,buy,2025-11-20 17:11:46.981053829
1763658707.017391,75422.1,0.0039996,buy,2025-11-20 17:11:47.017390966
1763658707.2620902,75422.1,0.00065314,buy,2025-11-20 17:11:47.262090206
1763658707.2713902,75422.1,0.01306277,buy,2025-11-20 17:11:47.271390200
1763658707.2760673,75422.1,0.00109727,buy,2025-11-20 17:11:47.276067257
1763658707.2787414,75422.0,0.00172,sell,2025-11-20 17:11:47.278741360
1763658707.2787414,75421.4,0.00581773,sell,2025-11-20 17:11:47.278741360
1763658707.2795067,75422.1,0.00130628,buy,2025-11-20 17:11:47.279506683
1763658707.2821703,75422.0,0.01306277,buy,2025-11-20 17:11:47.282170296
1763658707.2859638,75421.5,0.00326569,buy,2025-11-20 17:11:47.285963774
1763658707.2940006,75421.5,0.00065314,buy,2025-11-20 17:11:47.294000626
1763658707.2945921,75421.5,0.00444094,buy,2025-11-20 17:11:47.294592142
1763658707.2959495,75421.5,0.00265174,buy,2025-11-20 17:11:47.295949459
1763658707.2975185,75421.5,0.00132587,buy,2025-11-20 17:11:47.297518492
1763658707.3064635,75421.5,0.00265174,buy,2025-11-20 17:11:47.306463480
1763658707.3067994,75421.5,0.00132587,buy,2025-11-20 17:11:47.306799412
1763658707.3094926,75421.5,0.01088501,buy,2025-11-20 17:11:47.309492588
1763658707.3094928,75421.9,0.01524053,buy,2025-11-20 17:11:47.309492826
1763658707.7409263,75421.4,0.00218227,sell,2025-11-20 17:11:47.740926266
1763658707.7409263,75420.0,0.0013259,sell,2025-11-20 17:11:47.740926266
1763658707.7409263,75419.9,0.00107852,sell,2025-11-20 17:11:47.740926266
1763658707.7409263,75419.6,0.00133585,sell,2025-11-20 17:11:47.740926266
1763658707.7409265,75418.9,8.089e-05,sell,2025-11-20 17:11:47.740926504
1763658707.7409265,75417.1,0.00026964,sell,2025-11-20 17:11:47.740926504
1763658707.7409265,75415.7,0.00053929,sell,2025-11-20 17:11:47.740926504
1763658707.7409265,75412.3,0.00018876,sell,2025-11-20 17:11:47.740926504
1763658707.7409265,75411.5,0.00026966,sell,2025-11-20 17:11:47.740926504
1763658707.7409265,75411.2,0.01023668,sell,2025-11-20 17:11:47.740926504
1763658708.3314283,75406.0,0.00195983,buy,2025-11-20 17:11:48.331428289
1763658708.3322537,75406.0,0.00065328,buy,2025-11-20 17:11:48.332253695
1763658708.3330703,75406.0,0.00065328,buy,2025-11-20 17:11:48.333070278
1763658708.3337076,75406.0,0.00154722,buy,2025-11-20 17:11:48.333707571
1763658708.4531403,75406.0,0.00024819,buy,2025-11-20 17:11:48.453140259
1763658708.6683109,75405.9,0.00053936,sell,2025-11-20 17:11:48.668310881
1763658708.6683109,75404.6,0.00066308,sell,2025-11-20 17:11:48.668310881
1763658708.6683109,75400.1,5e-05,sell,2025-11-20 17:11:48.668310881
1763658708.6683109,75400.0,0.001,sell,2025-11-20 17:11:48.668310881
1763658708.6683109,75400.0,0.00013262,sell,2025-11-20 17:11:48.668310881
1763658708.6683109,75400.0,0.00023442,sell,2025-11-20 17:11:48.668310881
1763658708.6726084,75405.9,0.00131686,buy,2025-11-20 17:11:48.672608376
1763658709.8836534,75402.8,0.0011,buy,2025-11-20 17:11:49.883653402
1763658710.0281165,75402.5,0.01306617,buy,2025-11-20 17:11:50.028116465
1763658710.0321364,75404.7,0.00013066,buy,2025-11-20 17:11:50.032136440
1763658710.039675,75404.7,0.00018527,buy,2025-11-20 17:11:50.039674997
1763658710.6614518,75400.1,0.00386265,buy,2025-11-20 17:11:50.661451817
1763658711.103977,75400.1,0.02613317,buy,2025-11-20 17:11:51.103976965
1763658711.1064136,75400.1,0.01306658,buy,2025-11-20 17:11:51.106413603
1763658711.1082137,75400.1,0.02331732,buy,2025-11-20 17:11:51.108213663
1763658711.1084526,75400.1,0.03919975,buy,2025-11-20 17:11:51.108452559
1763658711.2445686,75400.1,0.00206183,buy,2025-11-20 17:11:51.244568586
1763658711.5214956,75404.4,0.00128961,buy,2025-11-20 17:11:51.521495581
1763658711.8520691,75404.4,0.00083582,buy,2025-11-20 17:11:51.852069139
1763658712.3155463,75405.8,2.575e-05,buy,2025-11-20 17:11:52.315546274
1763658712.7223587,75405.9,0.00129076,buy,2025-11-20 17:11:52.722358704
1763658712.957319,75405.9,0.00391542,buy,2025-11-20 17:11:52.957319021
1763658715.2182512,75401.8,0.00247202,buy,2025-11-20 17:11:55.218251228
1763658717.1692867,75400.0,0.00109184,sell,2025-11-20 17:11:57.169286728
1763658717.1692867,75400.0,0.03463269,sell,2025-11-20 17:11:57.169286728
1763658717.1692867,75400.0,6.631e-05,sell,2025-11-20 17:11:57.169286728
1763658717.1692867,75399.9,0.00132626,sell,2025-11-20 17:11:57.169286728
1763658717.1692867,75396.0,0.00551597,sell,2025-11-20 17:11:57.169286728
1763658717.16959,75396.0,0.00111568,sell,2025-11-20 17:11:57.169589996
1763658717.16959,75394.7,0.00026972,sell,2025-11-20 17:11:57.169589996
1763658717.16959,75394.7,0.00020229,sell,2025-11-20 17:11:57.169589996
1763658717.16959,75391.0,8.092e-05,sell,2025-11-20 17:11:57.169589996
1763658717.16959,75388.1,0.0001,sell,2025-11-20 17:11:57.169589996
1763658717.16959,75388.0,0.01990191,sell,2025-11-20 17:11:57.169589996
1763658717.16959,75388.0,0.00878601,sell,2025-11-20 17:11:57.169589996
1763658717.16959,75385.2,0.00539508,sell,2025-11-20 17:11:57.169589996
1763658717.16959,75384.5,0.00020154,sell,2025-11-20 17:11:57.169589996
1763658717.16959,75381.4,0.0001592,sell,2025-11-20 17:11:57.169589996
1763658717.16959,75378.8,0.00012,sell,2025-11-20 17:11:57.169589996
1763658717.16959,75378.2,0.0002242,sell,2025-11-20 17:11:57.169589996
1763658717.16959,75375.3,0.01430123,sell,2025-11-20 17:11:57.169589996
1763658717.16959,75375.0,0.0001,sell,2025-11-20 17:11:57.169589996
1763658717.1695902,75375.0,0.00464742,sell,2025-11-20 17:11:57.169590235
1763658717.1695902,75369.9,0.00123985,sell,2025-11-20 17:11:57.169590235
1763658717.1695902,75369.0,0.00039804,sell,2025-11-20 17:11:57.169590235
1763658717.1695902,75368.3,0.08303796,sell,2025-11-20 17:11:57.169590235
1763658717.1695902,75363.0,0.00132691,sell,2025-11-20 17:11:57.169590235
1763658717.1695902,75362.0,0.0051,sell,2025-11-20 17:11:57.169590235
1763658717.1695902,75361.5,0.03074634,sell,2025-11-20 17:11:57.169590235
1763658717.1695902,75361.4,0.00063736,sell,2025-11-20 17:11:57.169590235
1763658717.1695902,75359.0,0.00066349,sell,2025-11-20 17:11:57.169590235
1763658717.1695902,75355.6,0.00040479,sell,2025-11-20 17:11:57.169590235
1763658717.1695902,75352.0,0.00212349,sell,2025-11-20 17:11:57.169590235
1763658717.1695902,75350.0,0.02641459,sell,2025-11-20 17:11:57.169590235
1763658717.1695902,75350.0,0.00132715,sell,2025-11-20 17:11:57.169590235
1763658717.1695902,75350.0,0.01,sell,2025-11-20 17:11:57.169590235
1763658717.1695902,75341.6,0.00543033,sell,2025-11-20 17:11:57.169590235
1763658717.1695902,75340.2,0.00053983,sell,2025-11-20 17:11:57.169590235
1763658717.1695902,75340.0,0.00199097,sell,2025-11-20 17:11:57.169590235
1763658717.1695905,75335.9,0.00653672,sell,2025-11-20 17:11:57.169590473
1763658717.1695905,75333.2,0.00027048,sell,2025-11-20 17:11:57.169590473
1763658717.1695905,75333.0,0.00098907,sell,2025-11-20 17:11:57.169590473
1763658717.1695905,75333.0,5e-05,sell,2025-11-20 17:11:57.169590473
1763658717.1695905,75333.0,0.00104,sell,2025-11-20 17:11:57.169590473
1763658717.1695905,75333.0,0.05177662,sell,2025-11-20 17:11:57.169590473
1763658717.1695905,75328.0,0.00132594,sell,2025-11-20 17:11:57.169590473
1763658717.1695905,75327.7,0.00026996,sell,2025-11-20 17:11:57.169590473
1763658717.1695905,75322.4,0.003,sell,2025-11-20 17:11:57.169590473
1763658717.1695905,75321.0,0.007,sell,2025-11-20 17:11:57.169590473
1763658717.1695905,75321.0,0.06638254,sell,2025-11-20 17:11:57.169590473
1763658717.1695905,75321.0,0.00691706,sell,2025-11-20 17:11:57.169590473
1763658717.1695905,75320.0,0.00099575,sell,2025-11-20 17:11:57.169590473
1763658717.1695905,75319.1,0.0006972,sell,2025-11-20 17:11:57.169590473
1763658717.1695905,75316.7,0.0006972,sell,2025-11-20 17:11:57.169590473
1763658717.1695905,75316.5,0.000162,sell,2025-11-20 17:11:57.169590473
1763658717.1695907,75315.1,0.00054001,sell,2025-11-20 17:11:57.169590712
1763658717.1695907,75314.9,0.0119944,sell,2025-11-20 17:11:57.169590712
1763658717.1695907,75313.2,0.00663895,sell,2025-11-20 17:11:57.169590712
1763658717.1695907,75312.1,0.06639039,sell,2025-11-20 17:11:57.169590712
1763658717.1695907,75310.2,0.03915927,sell,2025-11-20 17:11:57.169590712
1763658717.1695907,75310.0,0.00013278,sell,2025-11-20 17:11:57.169590712
1763658717.1695907,75308.6,0.00863115,sell,2025-11-20 17:11:57.169590712
1763658717.1695907,75306.5,0.09,sell,2025-11-20 17:11:57.169590712
1763658717.1695907,75305.5,0.28785811,sell,2025-11-20 17:11:57.169590712
1763658717.1695907,75305.5,0.19260501,sell,2025-11-20 17:11:57.169590712
1763658718.0020773,75359.6,0.0065368,buy,2025-11-20 17:11:58.002077341
1763658718.0030773,75359.6,0.00065368,buy,2025-11-20 17:11:58.003077269
1763658718.0080545,75359.6,0.01961041,buy,2025-11-20 17:11:58.008054495
1763658718.008705,75359.6,0.00265394,buy,2025-11-20 17:11:58.008704901
1763658718.0097706,75359.6,0.0065368,buy,2025-11-20 17:11:58.009770632
1763658718.0106173,75359.6,0.00457576,buy,2025-11-20 17:11:58.010617256
1763658718.0116997,75359.6,0.00130736,buy,2025-11-20 17:11:58.011699677
1763658718.0131598,75359.6,0.01159425,buy,2025-11-20 17:11:58.013159752
1763658718.0131598,75367.1,0.0060159,buy,2025-11-20 17:11:58.013159752
1763658718.1958547,75366.7,0.0001,buy,2025-11-20 17:11:58.195854664
1763658719.7934809,75367.1,0.01325078,buy,2025-11-20 17:11:59.793480873
1763658720.1675708,75366.9,0.00066272,buy,2025-11-20 17:12:00.167570829
1763658721.9323244,75399.6,0.00025565,buy,2025-11-20 17:12:01.932324409
1763658722.7717996,75385.8,0.002,buy,2025-11-20 17:12:02.771799564
1763658723.2409065,75399.3,0.00132652,buy,2025-11-20 17:12:03.240906477
1763658723.5001905,75400.0,0.00043162,buy,2025-11-20 17:12:03.500190496
1763658723.7708259,75400.0,0.00195896,buy,2025-11-20 17:12:03.770825863
1763658724.3202593,75380.2,5e-05,buy,2025-11-20 17:12:04.320259333
1763658725.2727392,75388.8,0.00026529,buy,2025-11-20 17:12:05.272739172
1763658725.5810044,75376.1,0.00121137,sell,2025-11-20 17:12:05.581004381
1763658725.9228225,75377.2,0.00020512,buy,2025-11-20 17:12:05.922822475
1763658726.7757874,75391.8,0.00013365,buy,2025-11-20 17:12:06.775787354
1763658727.8080206,75391.2,0.00132361,buy,2025-11-20 17:12:07.808020592
1763658728.073106,75391.1,0.00128483,buy,2025-11-20 17:12:08.073106050
1763658728.713541,75391.1,6.632e-05,buy,2025-11-20 17:12:08.713541031
1763658728.8551207,75391.0,0.00220527,buy,2025-11-20 17:12:08.855120659
1763658729.3420584,75391.4,0.00016973,buy,2025-11-20 17:12:09.342058420
1763658730.038827,75391.0,0.00065021,buy,2025-11-20 17:12:10.038826942
1763658730.8889327,75372.2,0.00144582,buy,2025-11-20 17:12:10.888932705
1763658731.875583,75357.3,0.0272,sell,2025-11-20 17:12:11.875582933
1763658731.875583,75350.2,0.02663914,sell,2025-11-20 17:12:11.875582933
1763658733.1063807,75368.0,0.00016979,buy,2025-11-20 17:12:13.106380701
1763658733.2354252,75367.9,0.00016979,buy,2025-11-20 17:12:13.235425234
1763658733.3823967,75361.8,0.00010002,buy,2025-11-20 17:12:13.382396698
1763658733.4921532,75361.8,0.00010782,buy,2025-11-20 17:12:13.492153168
1763658734.5806477,75361.6,0.00010002,buy,2025-11-20 17:12:14.580647707
1763658734.7490294,75368.0,0.00010001,buy,2025-11-20 17:12:14.749029398
1763658734.7916217,75368.0,0.00102999,buy,2025-11-20 17:12:14.791621685
1763658734.7916217,75368.0,0.00897001,buy,2025-11-20 17:12:14.791621685
1763658736.362837,75361.5,0.00240303,sell,2025-11-20 17:12:16.362837076
1763658738.4559903,75345.0,1.292e-05,buy,2025-11-20 17:12:18.455990314
1763658738.816776,75345.0,0.00165904,buy,2025-11-20 17:12:18.816776037
1763658738.86861,75345.0,0.00039228,buy,2025-11-20 17:12:18.868609905
1763658738.86941,75345.0,0.01307614,buy,2025-11-20 17:12:18.869410038
1763658738.872906,75345.0,0.00326903,buy,2025-11-20 17:12:18.872905970
1763658740.5851245,75345.0,0.00114,buy,2025-11-20 17:12:20.585124493
1763658740.5851245,75352.4,0.00200311,buy,2025-11-20 17:12:20.585124493
1763658741.552155,75361.6,0.00064691,buy,2025-11-20 17:12:21.552155018
1763658743.1930194,75352.3,0.00031559,buy,2025-11-20 17:12:23.193019390
1763658743.1945963,75352.2,0.00084615,sell,2025-11-20 17:12:23.194596291
1763658743.1945963,75352.1,0.001,sell,2025-11-20 17:12:23.194596291
1763658744.1531103,75339.0,0.00016186,buy,2025-11-20 17:12:24.153110266
1763658744.691038,75339.0,0.00130772,buy,2025-11-20 17:12:24.691037893
1763658744.6931102,75339.0,0.00980789,buy,2025-11-20 17:12:24.693110228
1763658746.5468147,75339.0,0.0006471,buy,2025-11-20 17:12:26.546814680
1763658747.2056293,75339.0,0.003682,buy,2025-11-20 17:12:27.205629349
1763658747.6045823,75339.0,1.292e-05,buy,2025-11-20 17:12:27.604582310
1763658748.191667,75338.9,0.03982375,sell,2025-11-20 17:12:28.191667080
1763658748.191667,75338.9,0.0008463,sell,2025-11-20 17:12:28.191667080
1763658748.191667,75305.4,0.00054008,sell,2025-11-20 17:12:28.191667080
1763658748.191667,75304.5,0.0006,sell,2025-11-20 17:12:28.191667080
1763658748.191667,75301.0,0.001,sell,2025-11-20 17:12:28.191667080
1763658748.191667,75300.1,5e-05,sell,2025-11-20 17:12:28.191667080
1763658748.1916673,75300.0,0.007,sell,2025-11-20 17:12:28.191667318
1763658748.1916673,75300.0,0.01696329,sell,2025-11-20 17:12:28.191667318
1763658748.2274761,75320.1,0.00260554,buy,2025-11-20 17:12:28.227476120
1763658748.8415427,75319.4,0.00107362,sell,2025-11-20 17:12:28.841542721
1763658748.843958,75319.5,0.05523367,buy,2025-11-20 17:12:28.843957901
1763658748.843958,75320.0,0.04476633,buy,2025-11-20 17:12:28.843957901
1763658748.84431,75320.0,0.00099576,buy,2025-11-20 17:12:28.844310045
1763658748.8469298,75320.0,0.00398303,buy,2025-11-20 17:12:28.846929789
1763658748.8476412,75320.0,0.00327014,buy,2025-11-20 17:12:28.847641230
1763658749.995307,75319.8,0.00010004,buy,2025-11-20 17:12:29.995306969
1763658750.2302125,75319.8,0.00029983,buy,2025-11-20 17:12:30.230212450
1763658750.5099852,75319.8,0.00062617,buy,2025-11-20 17:12:30.509985209
