time,price,volume,side,datetime
1763658693.4472878,87101.7,0.1,buy,2025-11-20 17:11:33.447287798
1763658694.9811852,87101.6,3.8e-05,sell,2025-11-20 17:11:34.981185198
1763658696.2435005,87101.7,1.128e-05,buy,2025-11-20 17:11:36.243500471
1763658698.6959736,87101.6,0.00057423,sell,2025-11-20 17:11:38.695973635
1763658699.0846395,87101.6,0.01813105,sell,2025-11-20 17:11:39.084639549
1763658699.0846395,87101.6,0.00113198,sell,2025-11-20 17:11:39.084639549
1763658699.0846395,87101.6,0.0001,sell,2025-11-20 17:11:39.084639549
1763658699.1212685,87100.0,0.01148106,sell,2025-11-20 17:11:39.121268511
1763658699.1212685,87100.0,0.01148117,sell,2025-11-20 17:11:39.121268511
1763658699.4386773,87091.2,0.0009371,sell,2025-11-20 17:11:39.438677311
1763658699.6900525,87091.1,0.00034446,sell,2025-11-20 17:11:39.690052509
1763658699.6900525,87091.1,0.01892646,sell,2025-11-20 17:11:39.690052509
1763658699.6900527,87089.1,0.0001,sell,2025-11-20 17:11:39.690052748
1763658699.6900527,87080.7,0.01874913,sell,2025-11-20 17:11:39.690052748
1763658699.7187872,87070.2,0.01893237,sell,2025-11-20 17:11:39.718787193
1763658699.7187872,87059.9,0.00093744,sell,2025-11-20 17:11:39.718787193
1763658699.7187872,87059.8,0.01875498,sell,2025-11-20 17:11:39.718787193
1763658700.2579803,87049.4,0.0011318,buy,2025-11-20 17:11:40.257980347
1763658700.2607498,87049.3,0.00057423,sell,2025-11-20 17:11:40.260749817
1763658700.2637331,87049.4,0.02263592,buy,2025-11-20 17:11:40.263733149
1763658700.2646835,87049.3,4e-05,sell,2025-11-20 17:11:40.264683485
1763658700.272213,87049.4,0.02263592,buy,2025-11-20 17:11:40.272212982
1763658700.2873228,87049.4,0.00028719,buy,2025-11-20 17:11:40.287322760
1763658700.2897232,87049.4,0.00123826,buy,2025-11-20 17:11:40.289723158
1763658701.155416,87049.3,0.01832405,sell,2025-11-20 17:11:41.155416012
1763658701.155416,87049.3,0.00093755,sell,2025-11-20 17:11:41.155416012
1763658701.1554163,87049.3,0.0001,sell,2025-11-20 17:11:41.155416250
1763658701.1554163,87038.9,0.01876084,sell,2025-11-20 17:11:41.155416250
1763658701.1554163,87033.0,0.26472308,sell,2025-11-20 17:11:41.155416250
1763658701.1554163,87028.4,0.01894419,sell,2025-11-20 17:11:41.155416250
1763658701.1554163,87023.0,0.01,sell,2025-11-20 17:11:41.155416250
1763658701.1554163,87018.0,0.01876669,sell,2025-11-20 17:11:41.155416250
1763658701.1554163,87017.0,0.01723801,sell,2025-11-20 17:11:41.155416250
1763658701.1554163,87014.2,0.01129532,sell,2025-11-20 17:11:41.155416250
1763658701.1554163,87012.0,0.02298533,sell,2025-11-20 17:11:41.155416250
1763658701.1554163,87010.0,0.01149293,sell,2025-11-20 17:11:41.155416250
1763658701.1554163,87010.0,0.5,sell,2025-11-20 17:11:41.155416250
1763658701.1554163,87007.6,0.01876961,sell,2025-11-20 17:11:41.155416250
1763658701.1554163,87007.0,0.01149332,sell,2025-11-20 17:11:41.155416250
1763658701.1554163,87006.2,0.0011,sell,2025-11-20 17:11:41.155416250
1763658701.1554163,87006.0,0.0015,sell,2025-11-20 17:11:41.155416250
1763658701.1554163,87005.0,0.01149359,sell,2025-11-20 17:11:41.155416250
1763658701.1554163,87003.8,0.13039179,sell,2025-11-20 17:11:41.155416250
1763658701.1554165,87002.0,1.21413616,sell,2025-11-20 17:11:41.155416489
1763658701.2268963,87016.1,0.006226,buy,2025-11-20 17:11:41.226896286
1763658701.2287073,87016.1,0.00114898,buy,2025-11-20 17:11:41.228707314
1763658701.2534878,87016.1,0.0001149,buy,2025-11-20 17:11:41.253487825
1763658701.3301208,87005.0,0.0107566,buy,2025-11-20 17:11:41.330120802
1763658701.3807201,87004.9,0.00057423,sell,2025-11-20 17:11:41.380720139
1763658701.3838544,87005.0,0.00056619,buy,2025-11-20 17:11:41.383854389
1763658701.3850486,87005.0,0.00011324,buy,2025-11-20 17:11:41.385048628
1763658701.3867354,87005.0,0.05661868,buy,2025-11-20 17:11:41.386735439
1763658701.4047825,87005.0,0.0005746,buy,2025-11-20 17:11:41.404782534
1763658701.6673093,87004.9,0.0003638,sell,2025-11-20 17:11:41.667309284
1763658701.6673093,87004.9,0.00249724,sell,2025-11-20 17:11:41.667309284
1763658701.6673093,87004.9,0.00019974,sell,2025-11-20 17:11:41.667309284
1763658701.7075536,87005.0,0.01350221,buy,2025-11-20 17:11:41.707553625
1763658701.7813902,87005.0,0.01023386,buy,2025-11-20 17:11:41.781390190
1763658702.1666703,87004.9,0.00093803,sell,2025-11-20 17:11:42.166670322
1763658702.1666703,87002.0,0.08543888,sell,2025-11-20 17:11:42.166670322
1763658702.1669502,87002.0,0.01992785,sell,2025-11-20 17:11:42.166950226
1763658702.1671047,87002.0,0.02888402,sell,2025-11-20 17:11:42.167104721
1763658702.1672382,87002.0,0.02285708,sell,2025-11-20 17:11:42.167238235
1763658702.1673863,87002.0,0.37687796,sell,2025-11-20 17:11:42.167386293
1763658702.1675174,87002.0,0.03190359,sell,2025-11-20 17:11:42.167517424
1763658702.1676695,87002.0,0.16989955,sell,2025-11-20 17:11:42.167669535
1763658702.167804,87002.0,0.02895665,sell,2025-11-20 17:11:42.167804003
1763658702.167947,87002.0,0.09329317,sell,2025-11-20 17:11:42.167947054
1763658702.2165956,87002.1,0.00054992,buy,2025-11-20 17:11:42.216595650
1763658702.6675994,87002.0,0.00106762,sell,2025-11-20 17:11:42.667599440
1763658702.6675994,87002.0,0.00115024,sell,2025-11-20 17:11:42.667599440
1763658702.6677954,87002.0,0.324115,sell,2025-11-20 17:11:42.667795420
1763658702.6677954,87002.0,0.425295,sell,2025-11-20 17:11:42.667795420
1763658702.667916,87002.0,0.00848775,sell,2025-11-20 17:11:42.667916059
1763658702.6679895,87002.0,0.00648061,sell,2025-11-20 17:11:42.667989492
1763658702.6680703,87002.0,0.1143234,sell,2025-11-20 17:11:42.668070316
1763658702.66812,87002.0,0.00021573,sell,2025-11-20 17:11:42.668119907
1763658702.6682096,87002.0,0.00870889,sell,2025-11-20 17:11:42.668209553
1763658702.6682916,87002.0,0.01485043,sell,2025-11-20 17:11:42.668291569
1763658702.6684916,87002.0,0.02313042,sell,2025-11-20 17:11:42.668491602
1763658702.6684916,87002.0,0.00093806,sell,2025-11-20 17:11:42.668491602
1763658702.6684916,87001.0,0.1,sell,2025-11-20 17:11:42.668491602
1763658702.6684916,87001.0,0.03097666,sell,2025-11-20 17:11:42.668491602
1763658702.6684916,87000.2,0.00238175,sell,2025-11-20 17:11:42.668491602
1763658702.6684916,87000.1,0.01149423,sell,2025-11-20 17:11:42.668491602
1763658702.6684916,87000.1,5e-05,sell,2025-11-20 17:11:42.668491602
1763658702.6684916,87000.0,0.001,sell,2025-11-20 17:11:42.668491602
1763658702.6684916,87000.0,0.01,sell,2025-11-20 17:11:42.668491602
1763658702.6684916,87000.0,0.00114942,sell,2025-11-20 17:11:42.668491602
1763658702.6684916,87000.0,0.00574712,sell,2025-11-20 17:11:42.668491602
1763658702.6684918,87000.0,0.0001,sell,2025-11-20 17:11:42.668491840
1763658702.6684918,87000.0,0.00196919,sell,2025-11-20 17:11:42.668491840
1763658702.6684918,87000.0,5e-05,sell,2025-11-20 17:11:42.668491840
1763658702.6684918,87000.0,0.01,sell,2025-11-20 17:11:42.668491840
1763658702.6684918,87000.0,0.00101315,sell,2025-11-20 17:11:42.668491840
1763658702.669195,87000.0,0.00248685,sell,2025-11-20 17:11:42.669194937
1763658702.669195,87000.0,0.0015,sell,2025-11-20 17:11:42.669194937
1763658702.669195,87000.0,5.747e-05,sell,2025-11-20 17:11:42.669194937
1763658702.669195,87000.0,0.12305586,sell,2025-11-20 17:11:42.669194937
1763658702.669195,87000.0,0.0229885,sell,2025-11-20 17:11:42.669194937
1763658702.669195,87000.0,0.02469135,sell,2025-11-20 17:11:42.669194937
1763658702.669195,87000.0,0.02521997,sell,2025-11-20 17:11:42.669194937
1763658702.669616,87000.0,0.02478003,sell,2025-11-20 17:11:42.669615984
1763658702.669616,87000.0,0.01149426,sell,2025-11-20 17:11:42.669615984
1763658702.669616,87000.0,0.00114942,sell,2025-11-20 17:11:42.669615984
1763658702.6696162,87000.0,0.003,sell,2025-11-20 17:11:42.669616222
1763658702.6696162,87000.0,0.00011,sell,2025-11-20 17:11:42.669616222
1763658702.6696162,87000.0,5.747e-05,sell,2025-11-20 17:11:42.669616222
1763658702.6696162,87000.0,0.00114942,sell,2025-11-20 17:11:42.669616222
1763658702.6696162,87000.0,0.11494252,sell,2025-11-20 17:11:42.669616222
1763658702.6696162,87000.0,0.00114943,sell,2025-11-20 17:11:42.669616222
1763658702.6696162,87000.0,0.00114942,sell,2025-11-20 17:11:42.669616222
1763658702.6696162,87000.0,0.00022989,sell,2025-11-20 17:11:42.669616222
1763658702.6696162,87000.0,0.00574713,sell,2025-11-20 17:11:42.669616222
1763658702.6696162,87000.0,0.00057472,sell,2025-11-20 17:11:42.669616222
1763658702.6696162,87000.0,0.00229885,sell,2025-11-20 17:11:42.669616222
1763658702.6696162,87000.0,0.00146483,sell,2025-11-20 17:11:42.669616222
1763658702.6696162,87000.0,0.00055172,sell,2025-11-20 17:11:42.669616222
1763658702.6696162,87000.0,0.00574713,sell,2025-11-20 17:11:42.669616222
1763658702.6696162,87000.0,0.00229885,sell,2025-11-20 17:11:42.669616222
1763658702.6696162,87000.0,0.004,sell,2025-11-20 17:11:42.669616222
1763658702.6696162,87000.0,0.0002,sell,2025-11-20 17:11:42.669616222
1763658702.6696165,87000.0,0.00114942,sell,2025-11-20 17:11:42.669616461
1763658702.6696165,87000.0,0.00172413,sell,2025-11-20 17:11:42.669616461
1763658702.6696165,87000.0,0.01503136,sell,2025-11-20 17:11:42.669616461
1763658702.670537,87000.0,0.02159135,sell,2025-11-20 17:11:42.670536995
1763658702.67063,87000.0,0.07831981,sell,2025-11-20 17:11:42.670629978
1763658702.67063,87000.0,0.01149426,sell,2025-11-20 17:11:42.670629978
1763658702.67063,87000.0,0.0012,sell,2025-11-20 17:11:42.670629978
1763658702.67063,87000.0,0.06,sell,2025-11-20 17:11:42.670629978
1763658702.67063,87000.0,0.01149425,sell,2025-11-20 17:11:42.670629978
1763658702.67063,87000.0,0.00114942,sell,2025-11-20 17:11:42.670629978
1763658702.67063,87000.0,0.01149425,sell,2025-11-20 17:11:42.670629978
1763658702.67063,87000.0,0.001,sell,2025-11-20 17:11:42.670629978
1763658702.67063,87000.0,0.00801909,sell,2025-11-20 17:11:42.670629978
1763658702.67063,87000.0,0.00114942,sell,2025-11-20 17:11:42.670629978
1763658702.67063,87000.0,0.00057471,sell,2025-11-20 17:11:42.670629978
1763658702.6706302,87000.0,0.00016597,sell,2025-11-20 17:11:42.670630217
1763658702.6706302,87000.0,0.00033196,sell,2025-11-20 17:11:42.670630217
1763658702.6706302,87000.0,0.00057471,sell,2025-11-20 17:11:42.670630217
1763658702.6706302,87000.0,0.005,sell,2025-11-20 17:11:42.670630217
1763658702.6706302,87000.0,0.0025,sell,2025-11-20 17:11:42.670630217
1763658702.6706302,87000.0,0.00553215,sell,2025-11-20 17:11:42.670630217
1763658702.6711297,87002.1,0.00089563,buy,2025-11-20 17:11:42.671129704
1763658702.6711297,87002.1,0.00038317,buy,2025-11-20 17:11:42.671129704
1763658702.6711297,87002.1,0.01917128,buy,2025-11-20 17:11:42.671129704
1763658702.6711297,87002.1,0.00780903,buy,2025-11-20 17:11:42.671129704
1763658702.671387,87000.0,0.00021497,sell,2025-11-20 17:11:42.671386957
1763658702.671387,87000.0,0.00113344,sell,2025-11-20 17:11:42.671386957
1763658702.671387,87000.0,0.001,sell,2025-11-20 17:11:42.671386957
1763658702.671387,87000.0,0.0002454,sell,2025-11-20 17:11:42.671386957
1763658702.671387,87000.0,0.00077659,sell,2025-11-20 17:11:42.671386957
1763658702.6716614,87000.0,0.00196027,sell,2025-11-20 17:11:42.671661377
1763658702.6716614,87000.0,0.08047374,sell,2025-11-20 17:11:42.671661377
1763658702.6717732,87000.0,0.0167894,sell,2025-11-20 17:11:42.671773195
1763658702.6717732,87000.0,0.00574712,sell,2025-11-20 17:11:42.671773195
1763658702.6717732,87000.0,0.00172413,sell,2025-11-20 17:11:42.671773195
1763658702.6717732,87000.0,0.00349321,sell,2025-11-20 17:11:42.671773195
1763658702.6717732,87000.0,0.02224614,sell,2025-11-20 17:11:42.671773195
1763658702.6717732,87000.0,0.03522512,sell,2025-11-20 17:11:42.671773195
1763658702.6717732,87000.0,0.00574713,sell,2025-11-20 17:11:42.671773195
1763658702.6717732,87000.0,5.747e-05,sell,2025-11-20 17:11:42.671773195
1763658702.6717732,87000.0,0.00897028,sell,2025-11-20 17:11:42.671773195
1763658702.6721218,87000.0,0.00102972,sell,2025-11-20 17:11:42.672121763
1763658702.6721218,87000.0,0.11494253,sell,2025-11-20 17:11:42.672121763
1763658702.6721218,87000.0,0.00022989,sell,2025-11-20 17:11:42.672121763
1763658702.6721218,87000.0,0.00114943,sell,2025-11-20 17:11:42.672121763
1763658702.6721218,87000.0,0.01724137,sell,2025-11-20 17:11:42.672121763
1763658702.6721218,87000.0,0.50772775,sell,2025-11-20 17:11:42.672121763
1763658702.8256812,87000.1,0.05662187,buy,2025-11-20 17:11:42.825681210
1763658702.826463,87000.1,1.13243741,buy,2025-11-20 17:11:42.826462984
1763658702.8294988,87000.1,1.11030503,buy,2025-11-20 17:11:42.829498768
1763658702.8294988,87000.1,1.15456978,buy,2025-11-20 17:11:42.829498768
1763658702.8315163,87000.0,3.5e-05,sell,2025-11-20 17:11:42.831516266
1763658702.8333735,87000.1,0.11324374,buy,2025-11-20 17:11:42.833373547
1763658702.834433,87000.0,0.00057423,sell,2025-11-20 17:11:42.834433079
1763658702.8356981,87000.1,0.00113244,buy,2025-11-20 17:11:42.835698128
1763658702.8373487,87000.1,5.662e-05,buy,2025-11-20 17:11:42.837348700
1763658702.8402753,87000.1,0.00056622,buy,2025-11-20 17:11:42.840275288
1763658702.8407462,87000.1,0.00566219,buy,2025-11-20 17:11:42.840746164
1763658702.8417828,87000.1,0.00056622,buy,2025-11-20 17:11:42.841782808
1763658702.843013,87000.1,0.02299425,buy,2025-11-20 17:11:42.843013048
1763658702.8445985,87000.1,0.00226487,buy,2025-11-20 17:11:42.844598532
1763658702.8455136,87000.1,0.00113244,buy,2025-11-20 17:11:42.845513582
1763658702.8466942,87000.1,5.662e-05,buy,2025-11-20 17:11:42.846694231
1763658702.8474462,87000.1,0.00254798,buy,2025-11-20 17:11:42.847446203
1763658702.848356,87000.1,0.00344827,buy,2025-11-20 17:11:42.848356009
1763658702.8493845,87000.1,0.00566219,buy,2025-11-20 17:11:42.849384546
1763658702.8507857,87000.1,0.10146929,buy,2025-11-20 17:11:42.850785732
1763658702.8538897,87000.1,0.00011324,buy,2025-11-20 17:11:42.853889704
1763658702.854387,87000.1,1.45807355,buy,2025-11-20 17:11:42.854387045
1763658702.854387,87000.1,0.01438632,buy,2025-11-20 17:11:42.854387045
1763658702.854387,87000.1,0.22619624,buy,2025-11-20 17:11:42.854387045
1763658702.8559542,87000.1,0.01146539,buy,2025-11-20 17:11:42.855954170
1763658702.8566713,87000.1,0.00057471,buy,2025-11-20 17:11:42.856671333
1763658702.8586092,87000.1,0.01698656,buy,2025-11-20 17:11:42.858609200
1763658702.8588285,87000.1,1.10978866,buy,2025-11-20 17:11:42.858828545
1763658702.8604844,87000.1,0.00574712,buy,2025-11-20 17:11:42.860484362
1763658702.8619802,87000.1,0.00287356,buy,2025-11-20 17:11:42.861980200
1763658702.8644726,87000.1,0.01132437,buy,2025-11-20 17:11:42.864472628
1763658702.8656075,87000.1,0.0452975,buy,2025-11-20 17:11:42.865607500
1763658702.8675885,87000.1,5.741e-05,buy,2025-11-20 17:11:42.867588520
1763658702.875514,87000.1,0.00114942,buy,2025-11-20 17:11:42.875514030
1763658702.876361,87000.0,0.01235481,sell,2025-11-20 17:11:42.876360893
1763658702.876844,87000.1,0.00011494,buy,2025-11-20 17:11:42.876843929
1763658702.8801837,87000.1,0.00057471,buy,2025-11-20 17:11:42.880183697
1763658702.8805678,87000.1,0.00172414,buy,2025-11-20 17:11:42.880567789
1763658702.881311,87000.1,0.00574712,buy,2025-11-20 17:11:42.881310940
1763658702.8818238,87000.1,0.00340319,buy,2025-11-20 17:11:42.881823778
1763658702.8824573,87000.1,0.00344827,buy,2025-11-20 17:11:42.882457256
1763658702.883569,87000.1,0.01149424,buy,2025-11-20 17:11:42.883569002
1763658702.8839207,87000.1,0.00114942,buy,2025-11-20 17:11:42.883920670
1763658703.216852,87000.1,0.05742649,buy,2025-11-20 17:11:43.216851950
1763658704.0717623,87000.1,0.00114919,buy,2025-11-20 17:11:44.071762323
1763658704.4451828,87000.1,0.00108714,buy,2025-11-20 17:11:44.445182800
1763658704.4460244,87000.1,0.00108714,buy,2025-11-20 17:11:44.446024418
1763658704.4940832,87000.0,0.00057423,sell,2025-11-20 17:11:44.494083166
1763658704.4952283,87000.1,0.0005421,buy,2025-11-20 17:11:44.495228291
1763658704.709521,87000.1,0.00056622,buy,2025-11-20 17:11:44.709521055
1763658705.200243,87000.1,0.00110345,buy,2025-11-20 17:11:45.200242996
1763658705.2006285,87000.1,0.00114942,buy,2025-11-20 17:11:45.200628519
1763658705.2255404,87000.1,0.00229885,buy,2025-11-20 17:11:45.225540400
1763658705.7734773,87000.0,0.516746,sell,2025-11-20 17:11:45.773477316
1763658705.8759434,87000.1,0.00028031,buy,2025-11-20 17:11:45.875943422
1763658705.9290454,87000.1,5.747e-05,buy,2025-11-20 17:11:45.929045439
1763658706.290023,87000.1,0.00011488,buy,2025-11-20 17:11:46.290023088
1763658706.4569204,87000.1,0.00229755,buy,2025-11-20 17:11:46.456920385
1763658706.6173322,87000.0,0.516797,sell,2025-11-20 17:11:46.617332220
1763658706.6552846,87000.0,0.13419349,sell,2025-11-20 17:11:46.655284643
1763658706.7359595,87000.1,0.00086092,buy,2025-11-20 17:11:46.735959530
1763658706.867544,87000.0,0.31099749,sell,2025-11-20 17:11:46.867543936
1763658706.867544,87000.0,0.00287356,sell,2025-11-20 17:11:46.867543936
1763658706.867544,87000.0,0.01149426,sell,2025-11-20 17:11:46.867543936
1763658706.867544,87000.0,0.001,sell,2025-11-20 17:11:46.867543936
1763658706.867544,87000.0,0.00114942,sell,2025-11-20 17:11:46.867543936
1763658706.867544,87000.0,0.00574712,sell,2025-11-20 17:11:46.867543936
1763658706.867544,87000.0,0.01149425,sell,2025-11-20 17:11:46.867543936
1763658706.867544,87000.0,0.00039781,sell,2025-11-20 17:11:46.867543936
1763658706.867544,87000.0,0.04022988,sell,2025-11-20 17:11:46.867543936
1763658706.867544,87000.0,0.00574713,sell,2025-11-20 17:11:46.867543936
1763658706.867544,87000.0,0.00019104,sell,2025-11-20 17:11:46.867543936
1763658706.867544,87000.0,0.01149425,sell,2025-11-20 17:11:46.867543936
1763658706.867544,87000.0,0.00045977,sell,2025-11-20 17:11:46.867543936
1763658706.867544,87000.0,0.11352102,sell,2025-11-20 17:11:46.867543936
1763658706.8920295,87000.1,0.00065115,buy,2025-11-20 17:11:46.892029524
1763658706.904982,87000.1,0.00544702,buy,2025-11-20 17:11:46.904982090
1763658706.9569757,87000.1,0.00114877,buy,2025-11-20 17:11:46.956975698
1763658706.9572773,87000.1,0.00108714,buy,2025-11-20 17:11:46.957277298
1763658707.0200176,87000.1,0.00022987,buy,2025-11-20 17:11:47.020017624
1763658707.0334642,87000.1,0.00022649,buy,2025-11-20 17:11:47.033464193
1763658707.0731392,87000.1,0.00011269,buy,2025-11-20 17:11:47.073139191
1763658707.2717102,87000.0,0.00142151,sell,2025-11-20 17:11:47.271710157
1763658707.2717102,87000.0,0.00562931,sell,2025-11-20 17:11:47.271710157
1763658707.2717102,87000.0,0.00143678,sell,2025-11-20 17:11:47.271710157
1763658707.2717102,87000.0,0.02600848,sell,2025-11-20 17:11:47.271710157
1763658707.2876124,87000.0,0.0314629,sell,2025-11-20 17:11:47.287612438
1763658707.2876124,87000.0,0.00172413,sell,2025-11-20 17:11:47.287612438
1763658707.2876124,87000.0,0.01288195,sell,2025-11-20 17:11:47.287612438
1763658707.2876124,87000.0,0.00171264,sell,2025-11-20 17:11:47.287612438
1763658707.2876124,87000.0,0.00281655,sell,2025-11-20 17:11:47.287612438
1763658707.2876124,87000.0,0.04091954,sell,2025-11-20 17:11:47.287612438
1763658707.2876124,87000.0,0.00057472,sell,2025-11-20 17:11:47.287612438
1763658707.2876124,87000.0,0.01149426,sell,2025-11-20 17:11:47.287612438
1763658707.2876124,87000.0,0.00162942,sell,2025-11-20 17:11:47.287612438
1763658707.2876124,87000.0,0.01149425,sell,2025-11-20 17:11:47.287612438
1763658707.2876124,87000.0,0.001,sell,2025-11-20 17:11:47.287612438
1763658707.2876124,87000.0,0.0005,sell,2025-11-20 17:11:47.287612438
1763658707.2876124,87000.0,0.00057471,sell,2025-11-20 17:11:47.287612438
1763658707.2876124,87000.0,0.02873563,sell,2025-11-20 17:11:47.287612438
1763658707.2876124,87000.0,0.01052,sell,2025-11-20 17:11:47.287612438
1763658707.2876124,87000.0,0.00060643,sell,2025-11-20 17:11:47.287612438
1763658707.2876127,87000.0,0.00086206,sell,2025-11-20 17:11:47.287612677
1763658707.2876127,87000.0,0.01724137,sell,2025-11-20 17:11:47.287612677
1763658707.2876127,87000.0,0.00028735,sell,2025-11-20 17:11:47.287612677
1763658707.2876127,87000.0,0.00114942,sell,2025-11-20 17:11:47.287612677
1763658707.2876127,87000.0,0.01724138,sell,2025-11-20 17:11:47.287612677
1763658707.2876127,87000.0,0.00114942,sell,2025-11-20 17:11:47.287612677
1763658707.2876127,87000.0,0.00114942,sell,2025-11-20 17:11:47.287612677
1763658707.2876127,87000.0,0.0099901,sell,2025-11-20 17:11:47.287612677
1763658707.2876127,87000.0,0.00574712,sell,2025-11-20 17:11:47.287612677
1763658707.2876127,87000.0,0.00574712,sell,2025-11-20 17:11:47.287612677
1763658707.2876127,87000.0,0.01149426,sell,2025-11-20 17:11:47.287612677
1763658707.2876127,87000.0,0.15,sell,2025-11-20 17:11:47.287612677
1763658707.2876127,87000.0,9.142e-05,sell,2025-11-20 17:11:47.287612677
1763658707.2876127,87000.0,0.00172414,sell,2025-11-20 17:11:47.287612677
1763658707.2876127,87000.0,0.01,sell,2025-11-20 17:11:47.287612677
1763658707.2876127,87000.0,0.001,sell,2025-11-20 17:11:47.287612677
1763658707.2876127,87000.0,0.05,sell,2025-11-20 17:11:47.287612677
1763658707.287613,87000.0,0.00057471,sell,2025-11-20 17:11:47.287612915
1763658707.287613,87000.0,0.00415931,sell,2025-11-20 17:11:47.287612915
1763658707.287613,87000.0,0.06857127,sell,2025-11-20 17:11:47.287612915
1763658707.356064,87000.0,0.00511697,sell,2025-11-20 17:11:47.356064081
1763658707.3566053,87000.0,0.00511697,sell,2025-11-20 17:11:47.356605291
1763658707.6014318,87000.0,0.03613732,sell,2025-11-20 17:11:47.601431847
1763658707.6014318,87000.0,0.15,sell,2025-11-20 17:11:47.601431847
1763658707.6014318,87000.0,0.001,sell,2025-11-20 17:11:47.601431847
1763658707.6014318,87000.0,25.62113268,sell,2025-11-20 17:11:47.601431847
1763658707.601707,87000.0,25.80827,sell,2025-11-20 17:11:47.601706982
1763658707.6485522,87000.0,0.516827,sell,2025-11-20 17:11:47.648552179
1763658707.6494513,87000.0,0.516857,sell,2025-11-20 17:11:47.649451256
1763658707.665609,87000.0,0.03449608,sell,2025-11-20 17:11:47.665608883
1763658707.6785886,87000.0,0.71811162,sell,2025-11-20 17:11:47.678588629
1763658707.686869,87000.0,0.516857,sell,2025-11-20 17:11:47.686868906
1763658707.6920555,87000.0,0.09198956,sell,2025-11-20 17:11:47.692055464
1763658707.7146358,87000.0,0.45980975,sell,2025-11-20 17:11:47.714635849
1763658707.7628207,87000.0,0.45990385,sell,2025-11-20 17:11:47.762820721
1763658707.8424966,87000.1,0.00028311,buy,2025-11-20 17:11:47.842496634
1763658707.9756324,87000.1,0.00011494,buy,2025-11-20 17:11:47.975632429
1763658707.9758987,87000.1,0.00114942,buy,2025-11-20 17:11:47.975898743
1763658708.058489,87000.0,0.516889,sell,2025-11-20 17:11:48.058489084
1763658708.0591419,87000.0,0.03449608,sell,2025-11-20 17:11:48.059141874
1763658708.0872025,87000.0,0.00463086,sell,2025-11-20 17:11:48.087202549
1763658708.0878088,87000.0,0.00463086,sell,2025-11-20 17:11:48.087808847
1763658708.0882027,87000.0,0.00023154,sell,2025-11-20 17:11:48.088202715
1763658708.0898328,87000.0,0.1139196,sell,2025-11-20 17:11:48.089832783
1763658708.0910518,87000.0,0.00023154,sell,2025-11-20 17:11:48.091051817
1763658708.191401,87000.1,0.00114942,buy,2025-11-20 17:11:48.191401005
1763658708.2349324,87000.0,5e-05,sell,2025-11-20 17:11:48.234932423
1763658708.2605941,87000.1,0.00056622,buy,2025-11-20 17:11:48.260594129
1763658708.335339,87000.0,0.09198956,sell,2025-11-20 17:11:48.335339069
1763658708.5480852,87000.0,0.516889,sell,2025-11-20 17:11:48.548085213
1763658708.5696204,87000.1,0.02264875,buy,2025-11-20 17:11:48.569620371
1763658708.6827655,87000.0,0.03449608,sell,2025-11-20 17:11:48.682765484
1763658708.68454,87000.1,0.00226487,buy,2025-11-20 17:11:48.684540033
1763658708.7129354,87000.1,0.00056622,buy,2025-11-20 17:11:48.712935448
1763658708.852912,87000.0,0.00416893,sell,2025-11-20 17:11:48.852911949
1763658708.853047,87000.0,0.00416893,sell,2025-11-20 17:11:48.853046894
1763658708.9381883,87000.1,0.01132437,buy,2025-11-20 17:11:48.938188314
1763658708.9394736,87000.1,0.01149424,buy,2025-11-20 17:11:48.939473629
1763658708.9413586,87000.1,0.00566219,buy,2025-11-20 17:11:48.941358566
1763658708.9875386,87000.1,0.00056622,buy,2025-11-20 17:11:48.987538576
1763658709.2332582,87000.1,0.00011324,buy,2025-11-20 17:11:49.233258247
1763658709.297628,87000.0,0.03449608,sell,2025-11-20 17:11:49.297627926
1763658709.3386471,87000.1,0.00011324,buy,2025-11-20 17:11:49.338647127
1763658709.559805,87000.0,0.00377288,sell,2025-11-20 17:11:49.559804916
1763658709.5601804,87000.0,0.00377288,sell,2025-11-20 17:11:49.560180426
1763658709.590244,87000.1,0.00113244,buy,2025-11-20 17:11:49.590244055
1763658709.6562934,87000.0,0.516986,sell,2025-11-20 17:11:49.656293392
1763658709.6632102,87000.0,0.09200691,sell,2025-11-20 17:11:49.663210154
1763658709.6913,87000.0,0.03450259,sell,2025-11-20 17:11:49.691299915
1763658709.7291925,87000.0,0.00057423,sell,2025-11-20 17:11:49.729192495
1763658710.3798053,87000.0,0.00341446,sell,2025-11-20 17:11:50.379805326
1763658710.3799164,87000.0,0.00341446,sell,2025-11-20 17:11:50.379916430
1763658710.3939946,87000.1,0.00125701,buy,2025-11-20 17:11:50.393994570
1763658710.4779847,87000.1,0.00566219,buy,2025-11-20 17:11:50.477984667
1763658710.5367928,87000.0,0.03450259,sell,2025-11-20 17:11:50.536792755
1763658710.5459778,87000.1,0.05662187,buy,2025-11-20 17:11:50.545977831
1763658710.6849809,87000.1,0.01118027,buy,2025-11-20 17:11:50.684980869
1763658710.8087847,87000.0,0.51701,sell,2025-11-20 17:11:50.808784723
1763658710.8089097,87000.0,0.51701,sell,2025-11-20 17:11:50.808909655
1763658710.9306266,87000.0,0.03450259,sell,2025-11-20 17:11:50.930626631
1763658711.0438037,87000.0,0.00323885,sell,2025-11-20 17:11:51.043803692
1763658711.135899,87000.0,0.00309009,sell,2025-11-20 17:11:51.135899067
1763658711.138751,87000.0,0.00309009,sell,2025-11-20 17:11:51.138751030
1763658711.3155532,87000.1,0.01149424,buy,2025-11-20 17:11:51.315553188
1763658711.3248367,87000.0,0.00057423,sell,2025-11-20 17:11:51.324836731
1763658711.3251278,87000.0,0.03450259,sell,2025-11-20 17:11:51.325127840
1763658711.834067,87000.1,0.00114942,buy,2025-11-20 17:11:51.834067106
1763658711.839656,87000.0,0.01900513,sell,2025-11-20 17:11:51.839656115
1763658711.8418696,87000.0,0.01900513,sell,2025-11-20 17:11:51.841869593
1763658712.1186728,87000.0,0.03450259,sell,2025-11-20 17:11:52.118672848
1763658712.1189516,87000.0,0.00176593,sell,2025-11-20 17:11:52.118951559
1763658712.1214952,87000.0,0.09200691,sell,2025-11-20 17:11:52.121495247
1763658712.1282485,87000.0,0.517106,sell,2025-11-20 17:11:52.128248453
1763658712.1354277,87000.0,0.517106,sell,2025-11-20 17:11:52.135427713
1763658712.6450245,87000.0,0.00082327,sell,2025-11-20 17:11:52.645024538
1763658712.985192,87000.1,0.00111866,buy,2025-11-20 17:11:52.985192060
1763658713.1644895,87000.1,0.00055933,buy,2025-11-20 17:11:53.164489508
1763658713.2265525,87000.0,0.00057423,sell,2025-11-20 17:11:53.226552486
1763658713.3887606,87000.1,0.01132437,buy,2025-11-20 17:11:53.388760567
1763658714.0392034,87000.1,0.00574699,buy,2025-11-20 17:11:54.039203405
1763658714.2023227,87000.0,0.51718,sell,2025-11-20 17:11:54.202322721
1763658714.2125244,87000.0,0.03449946,sell,2025-11-20 17:11:54.212524414
1763658714.216674,87000.0,0.09199858,sell,2025-11-20 17:11:54.216674089
1763658714.240108,87000.0,0.71811162,sell,2025-11-20 17:11:54.240108013
1763658714.45234,87000.0,0.517196,sell,2025-11-20 17:11:54.452339888
1763658714.5416,87000.0,0.00057423,sell,2025-11-20 17:11:54.541599989
1763658714.606909,87000.0,0.03449946,sell,2025-11-20 17:11:54.606909037
1763658714.8569567,87000.0,0.517196,sell,2025-11-20 17:11:54.856956720
1763658715.0011816,87000.0,0.03449946,sell,2025-11-20 17:11:55.001181602
1763658715.189757,87000.0,0.09199858,sell,2025-11-20 17:11:55.189757109
1763658715.3945665,87000.0,0.03449946,sell,2025-11-20 17:11:55.394566536
1763658715.4586744,87000.0,0.517214,sell,2025-11-20 17:11:55.458674431
1763658715.761903,87000.0,0.517233,sell,2025-11-20 17:11:55.761903048
1763658715.7888575,87000.0,0.03449946,sell,2025-11-20 17:11:55.788857460
1763658715.8334575,87000.0,0.09199858,sell,2025-11-20 17:11:55.833457470
1763658716.0231478,87000.0,0.00057423,sell,2025-11-20 17:11:56.023147821
1763658716.1819904,87000.0,0.03451291,sell,2025-11-20 17:11:56.181990385
1763658716.2024179,87000.1,0.59596417,buy,2025-11-20 17:11:56.202417850
1763658716.2024179,87000.1,0.0001,buy,2025-11-20 17:11:56.202417850
1763658716.2024179,87000.1,0.05172407,buy,2025-11-20 17:11:56.202417850
1763658716.202418,87000.1,0.00057471,buy,2025-11-20 17:11:56.202418089
1763658716.202418,87000.1,2.87355991,buy,2025-11-20 17:11:56.202418089
1763658716.202418,87000.1,0.03061988,buy,2025-11-20 17:11:56.202418089
1763658716.202418,87000.1,1.653351,buy,2025-11-20 17:11:56.202418089
1763658716.202418,87000.1,0.01,buy,2025-11-20 17:11:56.202418089
1763658716.202418,87000.1,0.001,buy,2025-11-20 17:11:56.202418089
1763658716.202418,87000.1,0.02987938,buy,2025-11-20 17:11:56.202418089
1763658716.202418,87000.1,0.02890895,buy,2025-11-20 17:11:56.202418089
1763658716.202418,87000.1,0.00114817,buy,2025-11-20 17:11:56.202418089
1763658716.202418,87000.1,0.02298847,buy,2025-11-20 17:11:56.202418089
1763658716.202418,87000.1,1.61001606,buy,2025-11-20 17:11:56.202418089
1763658716.202418,87000.1,0.014,buy,2025-11-20 17:11:56.202418089
1763658716.202418,87000.1,0.11488771,buy,2025-11-20 17:11:56.202418089
1763658716.202418,87000.1,0.03435596,buy,2025-11-20 17:11:56.202418089
1763658716.202418,87000.1,0.4,buy,2025-11-20 17:11:56.202418089
1763658716.202418,87000.1,0.03240901,buy,2025-11-20 17:11:56.202418089
1763658716.202418,87000.1,0.11494239,buy,2025-11-20 17:11:56.202418089
1763658716.2024183,87000.1,0.130998,buy,2025-11-20 17:11:56.202418327
1763658716.2024183,87000.1,0.0863,buy,2025-11-20 17:11:56.202418327
1763658716.2024183,87000.1,0.96504,buy,2025-11-20 17:11:56.202418327
1763658716.2024183,87000.1,0.091365,buy,2025-11-20 17:11:56.202418327
1763658716.2024183,87000.1,0.827177,buy,2025-11-20 17:11:56.202418327
1763658716.2024183,87000.1,0.06053515,buy,2025-11-20 17:11:56.202418327
1763658716.2024183,87000.1,0.02893788,buy,2025-11-20 17:11:56.202418327
1763658716.2024183,87000.1,0.00861926,buy,2025-11-20 17:11:56.202418327
1763658716.2024183,87000.1,0.03127794,buy,2025-11-20 17:11:56.202418327
1763658716.3338323,87000.1,5.14e-05,buy,2025-11-20 17:11:56.333832264
1763658716.477928,87000.0,0.09203443,sell,2025-11-20 17:11:56.477927923
1763658716.5759969,87000.0,0.03451291,sell,2025-11-20 17:11:56.575996876
1763658716.698338,87000.0,0.517275,sell,2025-11-20 17:11:56.698338032
1763658716.6986363,87000.0,0.517275,sell,2025-11-20 17:11:56.698636293
1763658716.7042537,87000.0,0.08602902,sell,2025-11-20 17:11:56.704253674
1763658716.7200258,87000.1,0.00487821,buy,2025-11-20 17:11:56.720025778
1763658716.765356,87000.0,0.45983671,sell,2025-11-20 17:11:56.765356064
1763658716.8982012,87000.0,0.02661181,sell,2025-11-20 17:11:56.898201227
1763658716.948441,87000.0,0.517275,sell,2025-11-20 17:11:56.948441029
1763658716.9485593,87000.0,0.517275,sell,2025-11-20 17:11:56.948559284
1763658716.9694965,87000.0,0.03451291,sell,2025-11-20 17:11:56.969496489
1763658717.119458,87000.0,0.00141818,sell,2025-11-20 17:11:57.119457960
1763658717.1196191,87000.0,0.1721,sell,2025-11-20 17:11:57.119619131
1763658717.120789,87000.0,0.00909,sell,2025-11-20 17:11:57.120789051
1763658717.1225579,87000.0,0.09203443,sell,2025-11-20 17:11:57.122557878
1763658717.3634763,87000.0,0.03451291,sell,2025-11-20 17:11:57.363476276
1763658717.399049,87000.0,0.0119944,sell,2025-11-20 17:11:57.399049044
1763658717.5587618,87000.0,0.71173558,sell,2025-11-20 17:11:57.558761835
1763658717.5683286,87000.0,0.00637604,sell,2025-11-20 17:11:57.568328619
1763658717.7107618,87000.0,0.20543051,sell,2025-11-20 17:11:57.710761786
1763658717.757557,87000.0,0.03451291,sell,2025-11-20 17:11:57.757556915
1763658717.7658248,87000.0,0.09203443,sell,2025-11-20 17:11:57.765824795
1763658718.0553706,87000.0,0.00057423,sell,2025-11-20 17:11:58.055370569
1763658718.1524327,87000.0,0.03451291,sell,2025-11-20 17:11:58.152432680
1763658718.1693103,87000.1,0.01142875,buy,2025-11-20 17:11:58.169310331
1763658718.1693103,87000.1,0.0668637,buy,2025-11-20 17:11:58.169310331
1763658718.1693103,87000.1,0.12170755,buy,2025-11-20 17:11:58.169310331
1763658718.463625,87000.0,0.02170594,sell,2025-11-20 17:11:58.463624954
1763658718.5848932,87000.0,0.0389024,sell,2025-11-20 17:11:58.584893227
1763658718.828096,87000.0,0.517359,sell,2025-11-20 17:11:58.828095913
1763658718.9339716,87000.0,0.03451291,sell,2025-11-20 17:11:58.933971643
1763658718.9716806,87000.0,0.0867438,sell,2025-11-20 17:11:58.971680641
1763658718.9812293,87000.0,0.09203443,sell,2025-11-20 17:11:58.981229305
1763658719.0932446,87000.0,0.00155652,sell,2025-11-20 17:11:59.093244553
1763658719.327331,87000.0,0.03451291,sell,2025-11-20 17:11:59.327331066
1763658719.7212803,87000.0,0.03451449,sell,2025-11-20 17:11:59.721280336
1763658720.114754,87000.0,0.03451449,sell,2025-11-20 17:12:00.114753962
1763658720.3314335,87000.0,0.09203865,sell,2025-11-20 17:12:00.331433535
1763658720.4887776,87000.0,0.517404,sell,2025-11-20 17:12:00.488777637
1763658720.508559,87000.0,0.03451449,sell,2025-11-20 17:12:00.508558988
1763658720.560648,87000.0,0.517404,sell,2025-11-20 17:12:00.560647964
1763658721.042959,87000.1,0.00078862,buy,2025-11-20 17:12:01.042958975
1763658721.346797,87000.0,0.55333568,sell,2025-11-20 17:12:01.346796989
1763658722.0139115,87000.0,0.00113021,sell,2025-11-20 17:12:02.013911486
1763658722.0150928,87000.0,0.00113021,sell,2025-11-20 17:12:02.015092850
1763658722.2326758,87000.1,0.00322597,buy,2025-11-20 17:12:02.232675791
1763658722.7223976,87000.0,0.00102284,sell,2025-11-20 17:12:02.722397566
1763658723.3032615,87000.0,5e-05,sell,2025-11-20 17:12:03.303261518
1763658723.6897323,87000.1,0.0484981,buy,2025-11-20 17:12:03.689732313
1763658723.6897323,87000.1,0.00943437,buy,2025-11-20 17:12:03.689732313
1763658724.1412616,87000.0,0.00092798,sell,2025-11-20 17:12:04.141261578
1763658724.1446564,87000.0,0.00092798,sell,2025-11-20 17:12:04.144656420
1763658724.9257767,87000.1,0.00021255,buy,2025-11-20 17:12:04.925776720
1763658725.286343,87000.1,0.00011187,buy,2025-11-20 17:12:05.286343098
1763658725.3686256,87000.1,0.00114942,buy,2025-11-20 17:12:05.368625641
1763658725.8290813,87000.0,0.11494252,sell,2025-11-20 17:12:05.829081297
1763658726.4254937,87000.0,0.00232804,sell,2025-11-20 17:12:06.425493717
1763658726.4408033,87000.1,0.00179049,buy,2025-11-20 17:12:06.440803289
1763658726.7058039,87000.0,0.00365743,sell,2025-11-20 17:12:06.705803871
1763658727.2070835,87000.0,2.1895,sell,2025-11-20 17:12:07.207083464
1763658728.5884368,87000.0,0.00029487,sell,2025-11-20 17:12:08.588436842
1763658729.3911698,87000.1,0.00114942,buy,2025-11-20 17:12:09.391169786
1763658730.6886404,87000.0,0.00321307,sell,2025-11-20 17:12:10.688640356
1763658730.7491326,87000.1,0.01342393,buy,2025-11-20 17:12:10.749132633
1763658730.868955,87000.1,0.00155544,buy,2025-11-20 17:12:10.868954897
1763658731.1393557,87000.1,0.00041052,buy,2025-11-20 17:12:11.139355659
1763658731.269205,87000.0,0.03449602,sell,2025-11-20 17:12:11.269205093
1763658731.4269638,87000.0,1.00302975,sell,2025-11-20 17:12:11.426963806
1763658731.4730184,87000.0,0.00116547,sell,2025-11-20 17:12:11.473018408
1763658731.534539,87000.1,0.0001138,buy,2025-11-20 17:12:11.534538984
1763658731.6630418,87000.0,0.03449602,sell,2025-11-20 17:12:11.663041830
1763658732.6013725,87000.1,0.0045977,buy,2025-11-20 17:12:12.601372480
1763658733.3967254,87000.0,0.03451052,sell,2025-11-20 17:12:13.396725416
1763658733.931288,87000.0,0.03451052,sell,2025-11-20 17:12:13.931288004
1763658734.6631012,87000.0,0.00760525,sell,2025-11-20 17:12:14.663101196
1763658734.6667423,87000.0,0.00575135,sell,2025-11-20 17:12:14.666742325
1763658735.197401,87000.0,0.35621865,sell,2025-11-20 17:12:15.197401047
1763658735.2616773,87000.0,0.03451052,sell,2025-11-20 17:12:15.261677265
1763658735.469452,87000.0,0.09202807,sell,2025-11-20 17:12:15.469451904
1763658735.6387439,87000.1,0.00022373,buy,2025-11-20 17:12:15.638743877
1763658735.6555536,87000.0,0.03451052,sell,2025-11-20 17:12:15.655553579
1763658735.7299638,87000.1,0.0001,buy,2025-11-20 17:12:15.729963779
1763658735.8302417,87000.0,0.0006906,sell,2025-11-20 17:12:15.830241680
1763658735.8567245,87000.0,0.517551,sell,2025-11-20 17:12:15.856724501
1763658736.1843672,87000.0,0.03451753,sell,2025-11-20 17:12:16.184367180
1763658736.2089272,87000.0,0.003,sell,2025-11-20 17:12:16.208927155
1763658736.2089272,87000.0,0.02,sell,2025-11-20 17:12:16.208927155
1763658736.2089272,87000.0,0.02,sell,2025-11-20 17:12:16.208927155
1763658736.2089274,87000.0,0.007,sell,2025-11-20 17:12:16.208927393
1763658736.2855508,87000.0,0.09204674,sell,2025-11-20 17:12:16.285550833
1763658736.2861068,87000.1,0.00467816,buy,2025-11-20 17:12:16.286106825
1763658736.4116485,87000.0,0.51756,sell,2025-11-20 17:12:16.411648512
1763658736.577823,87000.0,0.03451753,sell,2025-11-20 17:12:16.577822924
1763658736.7292666,87000.0,0.517568,sell,2025-11-20 17:12:16.729266644
1763658736.9294581,87000.0,0.09204674,sell,2025-11-20 17:12:16.929458141
1763658736.9725838,87000.0,0.03451753,sell,2025-11-20 17:12:16.972583771
1763658737.3665864,87000.0,0.03451753,sell,2025-11-20 17:12:17.366586447
1763658737.4404793,87000.0,0.00275866,sell,2025-11-20 17:12:17.440479279
1763658737.5730283,87000.0,0.09204674,sell,2025-11-20 17:12:17.573028326
1763658737.6350427,87000.0,0.517575,sell,2025-11-20 17:12:17.635042667
1763658737.6407874,87000.0,0.517575,sell,2025-11-20 17:12:17.640787363
1763658737.665013,87000.0,0.22989139,sell,2025-11-20 17:12:17.665013075
1763658737.6659076,87000.0,0.45988112,sell,2025-11-20 17:12:17.665907621
1763658737.6768634,87000.0,0.22989562,sell,2025-11-20 17:12:17.676863432
1763658737.6896996,87000.0,0.22989562,sell,2025-11-20 17:12:17.689699650
1763658737.7007158,87000.0,0.22989589,sell,2025-11-20 17:12:17.700715780
1763658737.7608573,87000.0,0.03451753,sell,2025-11-20 17:12:17.760857344
1763658737.8422167,87000.0,1.0,sell,2025-11-20 17:12:17.842216730
1763658737.8747067,87000.0,0.04035797,sell,2025-11-20 17:12:17.874706745
1763658737.8775055,87000.0,0.00027628,sell,2025-11-20 17:12:17.877505541
1763658737.8798418,87000.0,0.02345474,sell,2025-11-20 17:12:17.879841805
1763658737.899883,87000.0,0.00028964,sell,2025-11-20 17:12:17.899883032
1763658737.946867,87000.0,0.00610745,sell,2025-11-20 17:12:17.946866989
1763658738.1157663,87000.1,0.3610486,buy,2025-11-20 17:12:18.115766287
1763658738.1157663,87000.1,0.00057471,buy,2025-11-20 17:12:18.115766287
1763658738.1157663,87000.1,0.00862216,buy,2025-11-20 17:12:18.115766287
1763658738.1157663,87000.1,0.09425836,buy,2025-11-20 17:12:18.115766287
1763658738.154674,87000.0,0.03451753,sell,2025-11-20 17:12:18.154674053
1763658738.171662,87000.0,0.00016918,sell,2025-11-20 17:12:18.171662092
1763658738.1717553,87000.0,0.00026089,sell,2025-11-20 17:12:18.171755314
1763658738.2177613,87000.0,0.09204674,sell,2025-11-20 17:12:18.217761278
1763658738.5489252,87000.0,0.03451753,sell,2025-11-20 17:12:18.548925161
1763658738.7683976,87000.0,25.80827,sell,2025-11-20 17:12:18.768397570
1763658738.8609078,87000.0,0.09204674,sell,2025-11-20 17:12:18.860907793
1763658738.9308126,87000.0,0.01835906,sell,2025-11-20 17:12:18.930812597
1763658738.9422357,87000.0,0.03451753,sell,2025-11-20 17:12:18.942235708
1763658738.9522943,87000.0,0.01890729,sell,2025-11-20 17:12:18.952294350
1763658738.9654052,87000.0,0.01265769,sell,2025-11-20 17:12:18.965405226
1763658739.1580446,87000.0,0.0538629,sell,2025-11-20 17:12:19.158044577
1763658739.3362358,87000.0,0.03452601,sell,2025-11-20 17:12:19.336235762
1763658739.5040503,87000.0,0.09206938,sell,2025-11-20 17:12:19.504050255
1763658739.5600672,87000.0,0.5,sell,2025-11-20 17:12:19.560067177
1763658739.7297196,87000.0,0.03452601,sell,2025-11-20 17:12:19.729719639
1763658740.123572,87000.0,0.03452601,sell,2025-11-20 17:12:20.123572111
1763658740.147495,87000.0,0.09206938,sell,2025-11-20 17:12:20.147495031
1763658740.1743417,87000.0,0.00057423,sell,2025-11-20 17:12:20.174341679
1763658740.440069,87000.1,0.00320011,buy,2025-11-20 17:12:20.440068960
1763658740.6721888,87000.0,0.0052567,sell,2025-11-20 17:12:20.672188759
1763658740.7153354,87000.0,0.02634172,sell,2025-11-20 17:12:20.715335369
1763658741.1189163,87000.0,0.00057423,sell,2025-11-20 17:12:21.118916273
1763658741.4189653,87000.0,0.03452601,sell,2025-11-20 17:12:21.418965340
1763658741.4526274,87000.0,0.517666,sell,2025-11-20 17:12:21.452627420
1763658741.5255604,87000.0,0.09206938,sell,2025-11-20 17:12:21.525560378
1763658741.5800846,87000.0,0.00058104,sell,2025-11-20 17:12:21.580084562
1763658741.6485,87000.0,0.00018318,sell,2025-11-20 17:12:21.648499966
1763658741.660818,87000.1,0.00011187,buy,2025-11-20 17:12:21.660818100
1763658741.7463477,87000.0,0.517666,sell,2025-11-20 17:12:21.746347666
1763658741.8126442,87000.0,0.03452601,sell,2025-11-20 17:12:21.812644243
1763658741.8468223,87000.1,0.00058383,buy,2025-11-20 17:12:21.846822262
1763658741.8574822,87000.0,0.1721,sell,2025-11-20 17:12:21.857482195
1763658741.8609624,87000.0,0.00590265,sell,2025-11-20 17:12:21.860962391
1763658741.8619277,87000.0,0.03792999,sell,2025-11-20 17:12:21.861927748
1763658741.8627224,87000.0,0.01,sell,2025-11-20 17:12:21.862722397
1763658741.862943,87000.0,0.03,sell,2025-11-20 17:12:21.862942934
1763658741.863081,87000.0,0.00390651,sell,2025-11-20 17:12:21.863080978
1763658741.8656242,87000.0,0.022,sell,2025-11-20 17:12:21.865624189
1763658741.8668194,87000.0,0.014,sell,2025-11-20 17:12:21.866819382
1763658741.8677192,87000.0,0.009,sell,2025-11-20 17:12:21.867719173
1763658741.8692784,87000.0,0.03706,sell,2025-11-20 17:12:21.869278431
1763658741.8699098,87000.0,0.005,sell,2025-11-20 17:12:21.869909763
1763658741.8808916,87000.0,0.01151615,sell,2025-11-20 17:12:21.880891562
1763658741.8812022,87000.0,0.0155,sell,2025-11-20 17:12:21.881202221
1763658741.8825004,87000.0,0.01775968,sell,2025-11-20 17:12:21.882500410
1763658741.930207,87000.0,0.0197735,sell,2025-11-20 17:12:21.930207014
1763658741.970282,87000.0,0.02859442,sell,2025-11-20 17:12:21.970282078
1763658741.9976597,87000.0,0.01875451,sell,2025-11-20 17:12:21.997659683
1763658742.000382,87000.0,0.517671,sell,2025-11-20 17:12:22.000381947
1763658742.0004847,87000.0,0.517671,sell,2025-11-20 17:12:22.000484705
1763658742.0238593,87000.0,0.0044007,sell,2025-11-20 17:12:22.023859262
1763658742.0398004,87000.0,0.1721,sell,2025-11-20 17:12:22.039800406
1763658742.134072,87000.0,0.03605562,sell,2025-11-20 17:12:22.134072064
1763658742.169291,87000.0,0.09206938,sell,2025-11-20 17:12:22.169291019
1763658742.2072048,87000.0,0.03452601,sell,2025-11-20 17:12:22.207204819
1763658742.2665703,87000.0,0.517671,sell,2025-11-20 17:12:22.266570330
1763658742.2669117,87000.0,0.517671,sell,2025-11-20 17:12:22.266911744
1763658742.274058,87000.0,0.22988585,sell,2025-11-20 17:12:22.274058104
1763658742.2753978,87000.0,0.22988585,sell,2025-11-20 17:12:22.275397778
1763658742.2766452,87000.0,0.03969,sell,2025-11-20 17:12:22.276645184
1763658742.2767618,87000.0,0.22988585,sell,2025-11-20 17:12:22.276761770
1763658742.2781954,87000.0,0.02349665,sell,2025-11-20 17:12:22.278195381
1763658742.2822013,87000.0,0.01162,sell,2025-11-20 17:12:22.282201290
1763658742.2825096,87000.0,0.00582,sell,2025-11-20 17:12:22.282509565
1763658742.2831655,87000.0,0.23537301,sell,2025-11-20 17:12:22.283165455
1763658742.2895932,87000.0,0.1721,sell,2025-11-20 17:12:22.289593220
1763658742.601947,87000.0,0.03452992,sell,2025-11-20 17:12:22.601947069
1763658742.812502,87000.0,0.0920798,sell,2025-11-20 17:12:22.812501907
1763658742.9953485,87000.0,0.03452992,sell,2025-11-20 17:12:22.995348454
1763658743.0862558,87000.0,0.00250451,sell,2025-11-20 17:12:23.086255789
1763658743.104078,87000.0,0.01111241,sell,2025-11-20 17:12:23.104078054
1763658743.1379328,87000.0,0.00010668,sell,2025-11-20 17:12:23.137932777
1763658743.1406302,87000.0,0.2,sell,2025-11-20 17:12:23.140630245
1763658743.2090454,87000.0,0.000509,sell,2025-11-20 17:12:23.209045410
1763658743.2260377,87000.0,0.10314928,sell,2025-11-20 17:12:23.226037741
1763658743.2493095,87000.0,0.04450272,sell,2025-11-20 17:12:23.249309540
1763658743.2557623,87000.0,0.1145,sell,2025-11-20 17:12:23.255762339
1763658743.3229365,87000.1,0.00286835,buy,2025-11-20 17:12:23.322936535
1763658743.3285427,87000.0,0.0177,sell,2025-11-20 17:12:23.328542709
1763658743.3893206,87000.0,0.03452992,sell,2025-11-20 17:12:23.389320612
1763658743.4214218,87000.0,0.2301995,sell,2025-11-20 17:12:23.421421766
1763658743.4605641,87000.0,0.0920798,sell,2025-11-20 17:12:23.460564137
1763658743.467359,87000.0,0.02262354,sell,2025-11-20 17:12:23.467359066
1763658743.4778302,87000.0,0.46,sell,2025-11-20 17:12:23.477830172
1763658743.5508094,87000.0,0.05518426,sell,2025-11-20 17:12:23.550809383
1763658743.699692,87000.0,0.02235,sell,2025-11-20 17:12:23.699692011
1763658743.7831652,87000.0,0.03452992,sell,2025-11-20 17:12:23.783165216
1763658743.8179047,87000.0,0.46,sell,2025-11-20 17:12:23.817904711
1763658743.8830907,87000.0,0.0248,sell,2025-11-20 17:12:23.883090734
1763658744.044846,87000.0,0.03648,sell,2025-11-20 17:12:24.044846058
1763658744.0482428,87000.0,0.00560999,sell,2025-11-20 17:12:24.048242807
1763658744.058275,87000.0,0.1145,sell,2025-11-20 17:12:24.058274984
1763658744.0885348,87000.0,0.00567,sell,2025-11-20 17:12:24.088534832
1763658744.08879,87000.0,0.0367,sell,2025-11-20 17:12:24.088789940
1763658744.089143,87000.0,0.01081,sell,2025-11-20 17:12:24.089143038
1763658744.0982478,87000.0,0.1143,sell,2025-11-20 17:12:24.098247766
1763658744.1043787,87000.0,0.0920798,sell,2025-11-20 17:12:24.104378700
1763658744.1084764,87000.0,0.00746,sell,2025-11-20 17:12:24.108476400
1763658744.1102877,87000.0,0.00585,sell,2025-11-20 17:12:24.110287666
1763658744.114371,87000.0,0.03061926,sell,2025-11-20 17:12:24.114371061
1763658744.115128,87000.0,0.00588,sell,2025-11-20 17:12:24.115128040
1763658744.1164188,87000.0,0.00584,sell,2025-11-20 17:12:24.116418839
1763658744.1170204,87000.0,0.01135,sell,2025-11-20 17:12:24.117020369
1763658744.1191406,87000.0,0.00601,sell,2025-11-20 17:12:24.119140625
1763658744.1203165,87000.0,0.00690968,sell,2025-11-20 17:12:24.120316505
1763658744.1204722,87000.0,0.00057327,sell,2025-11-20 17:12:24.120472193
1763658744.123008,87000.0,0.01158,sell,2025-11-20 17:12:24.123008013
1763658744.1261926,87000.0,0.01330322,sell,2025-11-20 17:12:24.126192570
1763658744.146813,87000.0,0.00943,sell,2025-11-20 17:12:24.146812916
1763658744.1559243,87000.0,0.003044,sell,2025-11-20 17:12:24.155924320
1763658744.1565516,87000.0,0.03061936,sell,2025-11-20 17:12:24.156551600
1763658744.1573293,87000.0,0.0153,sell,2025-11-20 17:12:24.157329321
1763658744.1579854,87000.0,0.00289873,sell,2025-11-20 17:12:24.157985449
1763658744.176972,87000.0,0.03452992,sell,2025-11-20 17:12:24.176971912
1763658744.2368374,87000.0,0.00583,sell,2025-11-20 17:12:24.236837387
1763658744.237132,87000.0,5.018e-05,sell,2025-11-20 17:12:24.237132072
1763658744.241839,87000.0,0.04960118,sell,2025-11-20 17:12:24.241838932
1763658744.245312,87000.0,0.0113175,sell,2025-11-20 17:12:24.245311975
1763658744.2484136,87000.0,0.05920854,sell,2025-11-20 17:12:24.248413563
1763658744.2741835,87000.0,0.0039665,sell,2025-11-20 17:12:24.274183512
1763658744.2809067,87000.0,1.0,sell,2025-11-20 17:12:24.280906677
1763658744.2874303,87000.0,5.018e-05,sell,2025-11-20 17:12:24.287430286
1763658744.3442726,87000.0,0.00778202,sell,2025-11-20 17:12:24.344272614
1763658744.3581297,87000.0,0.1143,sell,2025-11-20 17:12:24.358129740
1763658744.3876007,87000.0,0.00862931,sell,2025-11-20 17:12:24.387600660
1763658744.4063516,87000.0,0.00859617,sell,2025-11-20 17:12:24.406351566
1763658744.5350242,87000.0,0.1143,sell,2025-11-20 17:12:24.535024166
1763658744.5477648,87000.0,0.10318616,sell,2025-11-20 17:12:24.547764778
1763658744.5586343,87000.0,0.2301995,sell,2025-11-20 17:12:24.558634281
1763658744.5609524,87000.1,0.00111866,buy,2025-11-20 17:12:24.560952425
1763658744.5843985,87000.0,0.03452992,sell,2025-11-20 17:12:24.584398508
1763658744.5881245,87000.0,0.02169311,sell,2025-11-20 17:12:24.588124514
1763658744.638244,87000.0,0.00862851,sell,2025-11-20 17:12:24.638243914
1763658744.6927288,87000.0,1.0,sell,2025-11-20 17:12:24.692728758
1763658744.703318,87000.0,0.1143,sell,2025-11-20 17:12:24.703318119
1763658744.7481964,87000.0,0.0920798,sell,2025-11-20 17:12:24.748196363
1763658744.7760978,87000.0,0.2301995,sell,2025-11-20 17:12:24.776097775
1763658744.813386,87000.0,0.03645,sell,2025-11-20 17:12:24.813385963
1763658744.816977,87000.0,0.00588,sell,2025-11-20 17:12:24.816977024
1763658744.8803296,87000.0,0.1143,sell,2025-11-20 17:12:24.880329609
1763658744.9021182,87000.0,0.01050794,sell,2025-11-20 17:12:24.902118206
1763658744.9022536,87000.0,0.00567,sell,2025-11-20 17:12:24.902253628
1763658744.9446416,87000.0,0.00384538,sell,2025-11-20 17:12:24.944641590
1763658744.9786735,87000.0,0.03452992,sell,2025-11-20 17:12:24.978673458
1763658745.0039096,87000.0,0.01857916,sell,2025-11-20 17:12:25.003909588
1763658745.0480893,87000.0,0.2301995,sell,2025-11-20 17:12:25.048089266
1763658745.0622005,87000.0,0.1143,sell,2025-11-20 17:12:25.062200546
1763658745.0736616,87000.0,0.00350487,sell,2025-11-20 17:12:25.073661566
1763658745.1009502,87000.0,0.87602502,sell,2025-11-20 17:12:25.100950241
1763658745.1227837,87000.0,0.00862874,sell,2025-11-20 17:12:25.122783661
1763658745.1645072,87000.0,0.00585,sell,2025-11-20 17:12:25.164507151
1763658745.164979,87000.0,0.01156,sell,2025-11-20 17:12:25.164978981
1763658745.2448244,87000.0,0.1143,sell,2025-11-20 17:12:25.244824409
1763658745.2969763,87000.0,0.00808543,sell,2025-11-20 17:12:25.296976328
1763658745.3721294,87000.0,0.03452992,sell,2025-11-20 17:12:25.372129440
1763658745.3915017,87000.0,0.0920798,sell,2025-11-20 17:12:25.391501665
1763658745.3947673,87000.0,0.2301995,sell,2025-11-20 17:12:25.394767284
1763658745.4090178,87000.0,0.1143,sell,2025-11-20 17:12:25.409017801
1763658745.4860992,87000.0,1.0,sell,2025-11-20 17:12:25.486099243
1763658745.5497615,87000.0,0.23022642,sell,2025-11-20 17:12:25.549761534
1763658745.576997,87000.0,0.00587,sell,2025-11-20 17:12:25.576997042
1763658745.577289,87000.0,0.01043519,sell,2025-11-20 17:12:25.577289104
1763658745.5908813,87000.0,0.1143,sell,2025-11-20 17:12:25.590881348
1763658745.6516538,87000.0,0.0402,sell,2025-11-20 17:12:25.651653767
1763658745.6522017,87000.0,0.00588,sell,2025-11-20 17:12:25.652201653
1763658745.6541188,87000.0,0.01146,sell,2025-11-20 17:12:25.654118776
1763658745.6544905,87000.0,0.00829,sell,2025-11-20 17:12:25.654490471
1763658745.65454,87000.0,0.00571,sell,2025-11-20 17:12:25.654540062
1763658745.6546395,87000.0,0.01124,sell,2025-11-20 17:12:25.654639482
1763658745.655075,87000.0,0.007,sell,2025-11-20 17:12:25.655075073
1763658745.6563313,87000.0,0.00595,sell,2025-11-20 17:12:25.656331301
1763658745.658245,87000.0,0.00921408,sell,2025-11-20 17:12:25.658245087
1763658745.6585205,87000.0,0.01621,sell,2025-11-20 17:12:25.658520460
1763658745.677199,87000.0,0.00605,sell,2025-11-20 17:12:25.677198887
1763658745.6777496,87000.0,0.03699,sell,2025-11-20 17:12:25.677749634
1763658745.6788995,87000.0,0.0058,sell,2025-11-20 17:12:25.678899527
1763658745.6791003,87000.0,0.00566,sell,2025-11-20 17:12:25.679100275
1763658745.6792483,87000.0,0.0395,sell,2025-11-20 17:12:25.679248333
1763658745.6820219,87000.0,0.00921464,sell,2025-11-20 17:12:25.682021856
1763658745.6968997,87000.0,0.0153,sell,2025-11-20 17:12:25.696899652
1763658745.7037292,87000.0,0.01284478,sell,2025-11-20 17:12:25.703729153
1763658745.7265217,87000.0,0.02704641,sell,2025-11-20 17:12:25.726521730
1763658745.7454467,87000.0,0.08472558,sell,2025-11-20 17:12:25.745446682
1763658745.7592535,87000.0,0.1143,sell,2025-11-20 17:12:25.759253502
1763658745.765566,87000.0,0.03453396,sell,2025-11-20 17:12:25.765566111
1763658745.7807314,87000.0,0.03713,sell,2025-11-20 17:12:25.780731440
1763658745.780915,87000.0,0.008,sell,2025-11-20 17:12:25.780915022
1763658745.7892473,87000.0,0.00921489,sell,2025-11-20 17:12:25.789247274
1763658745.7947342,87000.0,0.00862907,sell,2025-11-20 17:12:25.794734240
1763658745.818305,87000.0,0.0177,sell,2025-11-20 17:12:25.818305016
1763658745.8896136,87000.0,1.0,sell,2025-11-20 17:12:25.889613628
1763658745.9070342,87000.0,0.08414297,sell,2025-11-20 17:12:25.907034159
1763658745.9344332,87000.0,0.09416813,sell,2025-11-20 17:12:25.934433222
1763658745.9495347,87000.0,0.1143,sell,2025-11-20 17:12:25.949534655
1763658746.0065644,87000.0,0.23022642,sell,2025-11-20 17:12:26.006564379
1763658746.0349524,87000.0,0.09209057,sell,2025-11-20 17:12:26.034952402
1763658746.0426857,87000.1,0.00734827,buy,2025-11-20 17:12:26.042685747
1763658746.0458298,87000.0,0.00862926,sell,2025-11-20 17:12:26.045829773
1763658746.1584253,87000.0,0.23022642,sell,2025-11-20 17:12:26.158425331
1763658746.158848,87000.0,0.03453396,sell,2025-11-20 17:12:26.158848047
1763658746.173977,87000.0,0.1143,sell,2025-11-20 17:12:26.173976898
1763658746.3099303,87000.0,0.01353,sell,2025-11-20 17:12:26.309930325
1763658746.3102531,87000.0,0.00379,sell,2025-11-20 17:12:26.310253143
1763658746.3246844,87000.0,0.007,sell,2025-11-20 17:12:26.324684381
1763658746.3400474,87000.0,0.1143,sell,2025-11-20 17:12:26.340047359
1763658746.3574119,87000.0,0.00862931,sell,2025-11-20 17:12:26.357411861
1763658746.4271338,87000.0,0.01612502,sell,2025-11-20 17:12:26.427133799
1763658746.4637375,87000.0,0.0911386,sell,2025-11-20 17:12:26.463737488
1763658746.4702296,87000.0,0.00564,sell,2025-11-20 17:12:26.470229626
1763658746.4703805,87000.0,0.00593,sell,2025-11-20 17:12:26.470380545
1763658746.4706273,87000.0,0.00562,sell,2025-11-20 17:12:26.470627308
1763658746.5526314,87000.0,0.03453396,sell,2025-11-20 17:12:26.552631378
1763658746.5659478,87000.0,0.02301493,sell,2025-11-20 17:12:26.565947771
1763658746.5770075,87000.0,0.00862977,sell,2025-11-20 17:12:26.577007532
1763658746.5889895,87000.0,2.87361014,sell,2025-11-20 17:12:26.588989496
1763658746.6057458,87000.0,0.87818,sell,2025-11-20 17:12:26.605745792
1763658746.641716,87000.0,0.01313813,sell,2025-11-20 17:12:26.641716003
1763658746.6614923,87000.0,0.00816764,sell,2025-11-20 17:12:26.661492348
1763658746.668778,87000.0,0.0091981,sell,2025-11-20 17:12:26.668777943
1763658746.6726518,87000.0,0.011396,sell,2025-11-20 17:12:26.672651768
1763658746.678257,87000.0,0.09209057,sell,2025-11-20 17:12:26.678256989
1763658746.7001183,87000.0,2.87365106,sell,2025-11-20 17:12:26.700118303
1763658746.7108164,87000.0,0.01150771,sell,2025-11-20 17:12:26.710816383
1763658746.7954261,87000.0,0.00863004,sell,2025-11-20 17:12:26.795426130
1763658746.8227017,87000.0,2.87361014,sell,2025-11-20 17:12:26.822701693
1763658746.8585596,87000.0,0.1143,sell,2025-11-20 17:12:26.858559608
1763658746.917192,87000.0,0.1398238,sell,2025-11-20 17:12:26.917191982
1763658746.9304678,87000.0,2.87361014,sell,2025-11-20 17:12:26.930467844
1763658746.9461179,87000.0,0.03453396,sell,2025-11-20 17:12:26.946117878
1763658746.9463077,87000.0,0.11044233,sell,2025-11-20 17:12:26.946307659
1763658746.9689875,87000.0,0.07112992,sell,2025-11-20 17:12:26.968987465
1763658746.9819386,87000.0,0.00028834,sell,2025-11-20 17:12:26.981938601
1763658747.0058272,87000.0,0.02709725,sell,2025-11-20 17:12:27.005827188
1763658747.0148706,87000.0,0.00863014,sell,2025-11-20 17:12:27.014870644
1763658747.0223489,87000.0,0.00070036,sell,2025-11-20 17:12:27.022348881
1763658747.0241878,87000.0,0.00057,sell,2025-11-20 17:12:27.024187803
1763658747.0251975,87000.0,0.05,sell,2025-11-20 17:12:27.025197506
1763658747.0253825,87000.0,0.05,sell,2025-11-20 17:12:27.025382519
1763658747.0256727,87000.0,0.05,sell,2025-11-20 17:12:27.025672674
1763658747.0282638,87000.0,0.05,sell,2025-11-20 17:12:27.028263807
1763658747.0287042,87000.0,0.05,sell,2025-11-20 17:12:27.028704166
1763658747.0290112,87000.0,0.05,sell,2025-11-20 17:12:27.029011250
1763658747.0320337,87000.0,0.05,sell,2025-11-20 17:12:27.032033682
1763658747.0324748,87000.0,0.05,sell,2025-11-20 17:12:27.032474756
1763658747.033969,87000.0,0.03,sell,2025-11-20 17:12:27.033968925
1763658747.038808,87000.0,0.05,sell,2025-11-20 17:12:27.038808107
1763658747.039029,87000.0,0.02,sell,2025-11-20 17:12:27.039028883
1763658747.040214,87000.0,0.1143,sell,2025-11-20 17:12:27.040214062
1763658747.0404606,87000.0,0.03,sell,2025-11-20 17:12:27.040460587
1763658747.040802,87000.0,0.007,sell,2025-11-20 17:12:27.040802002
1763658747.0411384,87000.0,0.01,sell,2025-11-20 17:12:27.041138411
1763658747.0412905,87000.0,0.03,sell,2025-11-20 17:12:27.041290522
1763658747.0444188,87000.0,0.05747,sell,2025-11-20 17:12:27.044418812
1763658747.0487766,87000.0,0.01200209,sell,2025-11-20 17:12:27.048776627
1763658747.0634818,87000.0,0.05,sell,2025-11-20 17:12:27.063481808
1763658747.134828,87000.0,0.01047149,sell,2025-11-20 17:12:27.134828091
1763658747.14641,87000.0,0.0574,sell,2025-11-20 17:12:27.146409988
1763658747.1805403,87000.0,0.00594273,sell,2025-11-20 17:12:27.180540323
1763658747.1942809,87000.0,0.05753,sell,2025-11-20 17:12:27.194280863
1763658747.2022157,87000.0,0.05753,sell,2025-11-20 17:12:27.202215672
1763658747.2028756,87000.0,0.03,sell,2025-11-20 17:12:27.202875614
1763658747.2040026,87000.0,0.04626717,sell,2025-11-20 17:12:27.204002619
1763658747.2089155,87000.0,0.05,sell,2025-11-20 17:12:27.208915472
1763658747.2091334,87000.0,0.05,sell,2025-11-20 17:12:27.209133387
1763658747.2093117,87000.0,0.05,sell,2025-11-20 17:12:27.209311724
1763658747.2104216,87000.0,0.05,sell,2025-11-20 17:12:27.210421562
1763658747.2107131,87000.0,0.05,sell,2025-11-20 17:12:27.210713148
1763658747.2159905,87000.0,0.05,sell,2025-11-20 17:12:27.215990543
1763658747.2162645,87000.0,0.05,sell,2025-11-20 17:12:27.216264486
1763658747.219908,87000.0,0.01047146,sell,2025-11-20 17:12:27.219907999
1763658747.226739,87000.0,0.05747,sell,2025-11-20 17:12:27.226738930
1763658747.2485623,87000.0,0.05,sell,2025-11-20 17:12:27.248562336
1763658747.2497842,87000.0,0.00863095,sell,2025-11-20 17:12:27.249784231
1763658747.253341,87000.0,0.1143,sell,2025-11-20 17:12:27.253340960
1763658747.2738707,87000.0,0.01047145,sell,2025-11-20 17:12:27.273870707
1763658747.3216326,87000.0,0.006,sell,2025-11-20 17:12:27.321632624
1763658747.3218794,87000.0,0.001,sell,2025-11-20 17:12:27.321879387
1763658747.3222866,87000.0,0.09209057,sell,2025-11-20 17:12:27.322286606
1763658747.3293707,87000.0,0.02,sell,2025-11-20 17:12:27.329370737
1763658747.329607,87000.0,0.01,sell,2025-11-20 17:12:27.329607010
1763658747.3397043,87000.0,0.03453396,sell,2025-11-20 17:12:27.339704275
1763658747.362611,87000.0,0.01,sell,2025-11-20 17:12:27.362611055
1763658747.3651977,87000.0,0.002,sell,2025-11-20 17:12:27.365197659
1763658747.365508,87000.0,0.04,sell,2025-11-20 17:12:27.365508080
1763658747.3657167,87000.0,0.05,sell,2025-11-20 17:12:27.365716696
1763658747.3668683,87000.0,0.05,sell,2025-11-20 17:12:27.366868258
1763658747.3671863,87000.0,0.05,sell,2025-11-20 17:12:27.367186308
1763658747.3698678,87000.0,0.002,sell,2025-11-20 17:12:27.369867802
1763658747.3710983,87000.0,0.05,sell,2025-11-20 17:12:27.371098280
1763658747.3713741,87000.0,0.007,sell,2025-11-20 17:12:27.371374130
1763658747.3722472,87000.0,0.001,sell,2025-11-20 17:12:27.372247219
1763658747.3825114,87000.0,0.001,sell,2025-11-20 17:12:27.382511377
1763658747.4141128,87000.0,0.001,sell,2025-11-20 17:12:27.414112806
1763658747.414313,87000.0,0.01,sell,2025-11-20 17:12:27.414313078
1763658747.416041,87000.0,0.01,sell,2025-11-20 17:12:27.416040897
1763658747.4180224,87000.0,0.1143,sell,2025-11-20 17:12:27.418022394
1763658747.4672298,87000.0,0.00863065,sell,2025-11-20 17:12:27.467229843
1763658747.4827807,87000.0,0.04,sell,2025-11-20 17:12:27.482780695
1763658747.4871638,87000.0,0.04,sell,2025-11-20 17:12:27.487163782
1763658747.4917076,87000.0,0.05,sell,2025-11-20 17:12:27.491707563
1763658747.49228,87000.0,0.03,sell,2025-11-20 17:12:27.492280006
1763658747.4925396,87000.0,0.05,sell,2025-11-20 17:12:27.492539644
1763658747.4937432,87000.0,0.05,sell,2025-11-20 17:12:27.493743181
1763658747.5029237,87000.0,0.05,sell,2025-11-20 17:12:27.502923727
1763658747.503909,87000.0,0.05,sell,2025-11-20 17:12:27.503909111
1763658747.5236235,87000.0,0.001,sell,2025-11-20 17:12:27.523623466
1763658747.6531975,87000.0,2.87359316,sell,2025-11-20 17:12:27.653197527
1763658747.6858876,87000.0,0.00863046,sell,2025-11-20 17:12:27.685887575
1763658747.733773,87000.0,0.03453396,sell,2025-11-20 17:12:27.733772993
1763658747.755735,87000.0,5.7474636,sell,2025-11-20 17:12:27.755734921
1763658747.7574594,87000.0,2.87359316,sell,2025-11-20 17:12:27.757459402
1763658747.7581096,87000.0,23.03502899,sell,2025-11-20 17:12:27.758109570
1763658747.9428775,87000.0,0.02,sell,2025-11-20 17:12:27.942877531
1763658747.9529262,87000.0,0.05,sell,2025-11-20 17:12:27.952926159
1763658747.953534,87000.0,0.05,sell,2025-11-20 17:12:27.953533888
1763658747.9540195,87000.0,0.05,sell,2025-11-20 17:12:27.954019547
1763658747.954185,87000.0,0.05,sell,2025-11-20 17:12:27.954185009
1763658747.9544573,87000.0,0.05,sell,2025-11-20 17:12:27.954457283
1763658747.954632,87000.0,0.05,sell,2025-11-20 17:12:27.954632044
1763658747.9547923,87000.0,0.05,sell,2025-11-20 17:12:27.954792261
1763658747.9549468,87000.0,0.04,sell,2025-11-20 17:12:27.954946756
1763658747.9618616,87000.0,0.05,sell,2025-11-20 17:12:27.961861610
1763658747.9654617,87000.0,0.09209057,sell,2025-11-20 17:12:27.965461731
1763658747.9679193,87000.0,0.00863038,sell,2025-11-20 17:12:27.967919350
1763658747.974292,87000.0,0.11739395,sell,2025-11-20 17:12:27.974292040
1763658748.0921345,87000.0,0.04,sell,2025-11-20 17:12:28.092134476
1763658748.0923188,87000.0,0.05,sell,2025-11-20 17:12:28.092318773
1763658748.12755,87000.0,0.03453396,sell,2025-11-20 17:12:28.127549887
1763658748.207103,87000.0,0.0008463,sell,2025-11-20 17:12:28.207103014
1763658748.5213718,87000.0,0.03453396,sell,2025-11-20 17:12:28.521371841
1763658748.5230222,87000.0,22.68275466,sell,2025-11-20 17:12:28.523022175
1763658748.5509355,87000.0,5.7474636,sell,2025-11-20 17:12:28.550935507
1763658748.551375,87000.0,2.87359316,sell,2025-11-20 17:12:28.551374912
1763658748.6094973,87000.0,0.09209057,sell,2025-11-20 17:12:28.609497309
1763658748.6629868,87000.0,5.7474636,sell,2025-11-20 17:12:28.662986755
1763658748.6634028,87000.0,2.87359316,sell,2025-11-20 17:12:28.663402796
1763658748.7826285,87000.0,5.7474636,sell,2025-11-20 17:12:28.782628536
1763658748.7828505,87000.0,2.87359316,sell,2025-11-20 17:12:28.782850504
1763658748.914668,87000.0,0.03454353,sell,2025-11-20 17:12:28.914668083
1763658749.0690622,87000.0,0.08540817,sell,2025-11-20 17:12:29.069062233
1763658749.2527127,87000.0,0.09211609,sell,2025-11-20 17:12:29.252712727
1763658749.3084655,87000.0,0.03454353,sell,2025-11-20 17:12:29.308465481
1763658749.5370643,87000.0,150.0,sell,2025-11-20 17:12:29.537064314
1763658749.538343,87000.0,0.15883692,sell,2025-11-20 17:12:29.538342953
1763658749.538343,87000.0,0.0006,sell,2025-11-20 17:12:29.538342953
1763658749.538343,87000.0,0.00114942,sell,2025-11-20 17:12:29.538342953
1763658749.538343,87000.0,0.01879229,sell,2025-11-20 17:12:29.538342953
1763658749.538343,87000.0,0.00574712,sell,2025-11-20 17:12:29.538342953
1763658749.538343,87000.0,0.00574712,sell,2025-11-20 17:12:29.538342953
1763658749.538343,87000.0,0.15010942,sell,2025-11-20 17:12:29.538342953
1763658749.538343,87000.0,0.02298851,sell,2025-11-20 17:12:29.538342953
1763658749.538343,87000.0,0.0057472,sell,2025-11-20 17:12:29.538342953
1763658749.538343,87000.0,0.00114942,sell,2025-11-20 17:12:29.538342953
1763658749.538343,87000.0,0.22988505,sell,2025-11-20 17:12:29.538342953
1763658749.538343,87000.0,0.01,sell,2025-11-20 17:12:29.538342953
1763658749.538343,87000.0,0.00425344,sell,2025-11-20 17:12:29.538342953
1763658749.538343,87000.0,0.00114942,sell,2025-11-20 17:12:29.538342953
1763658749.538343,87000.0,0.00172413,sell,2025-11-20 17:12:29.538342953
1763658749.5383432,87000.0,0.0229885,sell,2025-11-20 17:12:29.538343191
1763658749.5383432,87000.0,0.002,sell,2025-11-20 17:12:29.538343191
1763658749.5383432,87000.0,0.01,sell,2025-11-20 17:12:29.538343191
1763658749.5383432,87000.0,0.00606413,sell,2025-11-20 17:12:29.538343191
1763658749.5383432,87000.0,0.00109908,sell,2025-11-20 17:12:29.538343191
1763658749.5383432,87000.0,0.05747126,sell,2025-11-20 17:12:29.538343191
1763658749.5383432,87000.0,0.02873563,sell,2025-11-20 17:12:29.538343191
1763658749.5383432,87000.0,0.00114942,sell,2025-11-20 17:12:29.538343191
1763658749.5383432,87000.0,0.01149425,sell,2025-11-20 17:12:29.538343191
1763658749.5383432,87000.0,0.00117647,sell,2025-11-20 17:12:29.538343191
1763658749.5383432,87000.0,0.00574713,sell,2025-11-20 17:12:29.538343191
1763658749.5383432,87000.0,0.00022988,sell,2025-11-20 17:12:29.538343191
1763658749.5383432,87000.0,0.00404034,sell,2025-11-20 17:12:29.538343191
1763658749.5383432,87000.0,0.00287356,sell,2025-11-20 17:12:29.538343191
1763658749.5383432,87000.0,0.00028735,sell,2025-11-20 17:12:29.538343191
1763658749.5383432,87000.0,0.00114943,sell,2025-11-20 17:12:29.538343191
1763658749.5383434,87000.0,0.00574713,sell,2025-11-20 17:12:29.538343430
1763658749.5383434,87000.0,0.00022988,sell,2025-11-20 17:12:29.538343430
1763658749.5383434,87000.0,0.00287356,sell,2025-11-20 17:12:29.538343430
1763658749.5383434,87000.0,0.00114942,sell,2025-11-20 17:12:29.538343430
1763658749.5383434,87000.0,0.01149426,sell,2025-11-20 17:12:29.538343430
1763658749.5383434,87000.0,0.01149425,sell,2025-11-20 17:12:29.538343430
1763658749.5383434,87000.0,0.00082436,sell,2025-11-20 17:12:29.538343430
1763658749.5383434,87000.0,0.025,sell,2025-11-20 17:12:29.538343430
1763658749.5383434,87000.0,0.00287356,sell,2025-11-20 17:12:29.538343430
1763658749.5383434,87000.0,0.05747126,sell,2025-11-20 17:12:29.538343430
1763658749.5383434,87000.0,0.00028735,sell,2025-11-20 17:12:29.538343430
1763658749.5383434,87000.0,0.00017241,sell,2025-11-20 17:12:29.538343430
1763658749.5383434,87000.0,0.00574713,sell,2025-11-20 17:12:29.538343430
1763658749.5383434,87000.0,8.207e-05,sell,2025-11-20 17:12:29.538343430
1763658749.5383434,87000.0,0.00057471,sell,2025-11-20 17:12:29.538343430
1763658749.5383434,87000.0,0.00114942,sell,2025-11-20 17:12:29.538343430
1763658749.5383434,87000.0,0.01149426,sell,2025-11-20 17:12:29.538343430
1763658749.5383437,87000.0,0.00573218,sell,2025-11-20 17:12:29.538343668
1763658749.5383437,87000.0,0.00057471,sell,2025-11-20 17:12:29.538343668
1763658749.5383437,87000.0,0.00022413,sell,2025-11-20 17:12:29.538343668
1763658749.5383437,87000.0,0.03448275,sell,2025-11-20 17:12:29.538343668
1763658749.5383437,87000.0,0.00114943,sell,2025-11-20 17:12:29.538343668
1763658749.5383437,87000.0,0.101,sell,2025-11-20 17:12:29.538343668
1763658749.5383437,87000.0,0.04248859,sell,2025-11-20 17:12:29.538343668
1763658749.5383437,87000.0,0.00126436,sell,2025-11-20 17:12:29.538343668
1763658749.5383437,87000.0,0.01149425,sell,2025-11-20 17:12:29.538343668
1763658749.5383437,87000.0,0.00114943,sell,2025-11-20 17:12:29.538343668
1763658749.5383437,87000.0,0.00344827,sell,2025-11-20 17:12:29.538343668
1763658749.5383437,87000.0,0.00011494,sell,2025-11-20 17:12:29.538343668
1763658749.5383437,87000.0,0.01146839,sell,2025-11-20 17:12:29.538343668
1763658749.5383437,87000.0,0.0001,sell,2025-11-20 17:12:29.538343668
1763658749.5383437,87000.0,0.00114942,sell,2025-11-20 17:12:29.538343668
1763658749.5383437,87000.0,0.00057471,sell,2025-11-20 17:12:29.538343668
1763658749.5383437,87000.0,0.002847,sell,2025-11-20 17:12:29.538343668
1763658749.538344,87000.0,0.001,sell,2025-11-20 17:12:29.538343906
1763658749.538344,87000.0,0.00028736,sell,2025-11-20 17:12:29.538343906
1763658749.538344,87000.0,0.00114942,sell,2025-11-20 17:12:29.538343906
1763658749.538344,87000.0,0.00017206,sell,2025-11-20 17:12:29.538343906
1763658749.538344,86999.1,0.002847,sell,2025-11-20 17:12:29.538343906
1763658749.538344,86999.0,0.00517248,sell,2025-11-20 17:12:29.538343906
1763658749.538344,86999.0,0.05747193,sell,2025-11-20 17:12:29.538343906
1763658749.538344,86999.0,0.0011515,sell,2025-11-20 17:12:29.538343906
1763658749.538344,86999.0,0.00017241,sell,2025-11-20 17:12:29.538343906
1763658749.538344,86999.0,0.00114943,sell,2025-11-20 17:12:29.538343906
1763658749.538344,86998.1,0.002847,sell,2025-11-20 17:12:29.538343906
1763658749.538344,86998.0,0.01149451,sell,2025-11-20 17:12:29.538343906
1763658749.538344,86998.0,0.0009621,sell,2025-11-20 17:12:29.538343906
1763658749.538344,86997.2,0.002847,sell,2025-11-20 17:12:29.538343906
1763658749.538344,86997.1,0.01895305,sell,2025-11-20 17:12:29.538343906
1763658749.538344,86996.0,5e-05,sell,2025-11-20 17:12:29.538343906
1763658749.538344,86991.7,0.002847,sell,2025-11-20 17:12:29.538343906
1763658749.5383441,86991.6,0.00271227,sell,2025-11-20 17:12:29.538344145
1763658749.5412393,86991.6,0.00013473,sell,2025-11-20 17:12:29.541239262
1763658749.5412393,86991.5,0.00023451,sell,2025-11-20 17:12:29.541239262
1763658749.5412393,86991.1,0.002847,sell,2025-11-20 17:12:29.541239262
1763658749.5412393,86991.0,0.03189,sell,2025-11-20 17:12:29.541239262
1763658749.5412393,86987.1,0.002847,sell,2025-11-20 17:12:29.541239262
1763658749.5412393,86987.0,0.00212859,sell,2025-11-20 17:12:29.541239262
1763658749.5412393,86986.8,0.002847,sell,2025-11-20 17:12:29.541239262
1763658749.5412393,86986.7,0.01877547,sell,2025-11-20 17:12:29.541239262
1763658749.5412393,86976.5,0.002847,sell,2025-11-20 17:12:29.541239262
1763658749.5412393,86976.3,0.01877839,sell,2025-11-20 17:12:29.541239262
1763658749.5412393,86970.5,0.002847,sell,2025-11-20 17:12:29.541239262
1763658749.5412395,86970.3,0.0004,sell,2025-11-20 17:12:29.541239500
1763658749.5412395,86969.2,0.002848,sell,2025-11-20 17:12:29.541239500
1763658749.5412395,86969.0,0.02867837,sell,2025-11-20 17:12:29.541239500
1763658749.5436995,86966.0,0.002848,sell,2025-11-20 17:12:29.543699503
1763658749.5436995,86965.8,0.00033931,sell,2025-11-20 17:12:29.543699503
1763658749.5476105,86965.8,0.01862262,sell,2025-11-20 17:12:29.547610521
1763658749.5476105,86963.6,0.002848,sell,2025-11-20 17:12:29.547610521
1763658749.5476105,86963.4,0.00012,sell,2025-11-20 17:12:29.547610521
1763658749.5476105,86963.4,0.002848,sell,2025-11-20 17:12:29.547610521
1763658749.5476105,86963.1,0.00054886,sell,2025-11-20 17:12:29.547610521
1763658749.5476105,86960.3,0.002848,sell,2025-11-20 17:12:29.547610521
1763658749.5476105,86960.0,0.00766157,sell,2025-11-20 17:12:29.547610521
1763658749.5476105,86958.5,0.002848,sell,2025-11-20 17:12:29.547610521
1763658749.5476105,86958.2,0.00033384,sell,2025-11-20 17:12:29.547610521
1763658749.5476105,86958.2,0.00033384,sell,2025-11-20 17:12:29.547610521
1763658749.5476105,86955.7,0.002848,sell,2025-11-20 17:12:29.547610521
1763658749.5476105,86955.4,0.01878426,sell,2025-11-20 17:12:29.547610521
1763658749.8533301,86950.4,0.00566429,buy,2025-11-20 17:12:29.853330135
1763658749.8536506,86950.4,0.00072441,buy,2025-11-20 17:12:29.853650570
1763658749.8565404,86950.4,0.02299702,buy,2025-11-20 17:12:29.856540442
1763658749.8591957,86950.4,0.00113286,buy,2025-11-20 17:12:29.859195709
1763658749.860312,86950.4,0.0566429,buy,2025-11-20 17:12:29.860311985
1763658749.999058,86950.4,0.05665423,buy,2025-11-20 17:12:29.999058008
1763658750.000536,86950.4,0.00849814,buy,2025-11-20 17:12:30.000535965
1763658750.0189955,86950.4,0.00172512,buy,2025-11-20 17:12:30.018995523
1763658750.0246334,86950.4,0.00115008,buy,2025-11-20 17:12:30.024633408
1763658750.2350538,86950.3,0.00015009,sell,2025-11-20 17:12:30.235053778
